timestamp,buyer,seller,symbol,currency,price,quantity,day,mark_side,counterparty,signed_qty,product,bid_price_1,bid_volume_1,ask_price_1,ask_volume_1,mid_price,spread,top_depth,price_vs_mid,price_vs_bid,price_vs_ask,book_relation,liquidity_proxy,side_sign,future_mid_t10,future_mid_t50,future_mid_t200,future_mid_t500,signed_mid_move_t10,edge_vs_trade_t10,signed_mid_move_t50,edge_vs_trade_t50,signed_mid_move_t200,edge_vs_trade_t200,signed_mid_move_t500,edge_vs_trade_t500,spread_pctile_in_product_day,top_depth_pctile_in_product_day
6100,Mark 55,Mark 01,VELVETFRUIT_EXTRACT,XIRECS,5255.0,3,1,buy,Mark 01,3,VELVETFRUIT_EXTRACT,5250,24,5255,58,5252.5,5,82,2.5,5.0,0.0,at_ask,taker_proxy,1.0,5252.5,5252.5,5252.5,5250.5,0.0,-2.5,0.0,-2.5,0.0,-2.5,-2.0,-4.5,0.8202,0.6118
9400,Mark 55,Mark 49,VELVETFRUIT_EXTRACT,XIRECS,5244.0,8,1,buy,Mark 49,8,VELVETFRUIT_EXTRACT,5243,18,5244,14,5243.5,1,32,0.5,1.0,0.0,at_ask,taker_proxy,1.0,5244.0,5244.0,5246.5,5245.0,0.5,0.0,0.5,0.0,3.0,2.5,1.5,1.0,0.0061,0.0745
14300,Mark 55,Mark 01,VELVETFRUIT_EXTRACT,XIRECS,5238.0,6,1,buy,Mark 01,6,VELVETFRUIT_EXTRACT,5233,25,5238,66,5235.5,5,91,2.5,5.0,0.0,at_ask,taker_proxy,1.0,5233.5,5233.5,5234.5,5234.5,-2.0,-4.5,-2.0,-4.5,-1.0,-3.5,-1.0,-3.5,0.8202,0.7667
14800,Mark 01,Mark 55,VELVETFRUIT_EXTRACT,XIRECS,5232.0,6,1,sell,Mark 01,-6,VELVETFRUIT_EXTRACT,5232,70,5237,21,5234.5,5,91,-2.5,0.0,-5.0,at_bid,taker_proxy,-1.0,5234.5,5234.5,5233.5,5233.5,-0.0,-2.5,-0.0,-2.5,1.0,-1.5,1.0,-1.5,0.8202,0.7667
19300,Mark 14,Mark 55,VELVETFRUIT_EXTRACT,XIRECS,5226.0,5,1,sell,Mark 14,-5,VELVETFRUIT_EXTRACT,5226,19,5231,55,5228.5,5,74,-2.5,0.0,-5.0,at_bid,taker_proxy,-1.0,5228.5,5228.5,5227.5,5228.5,-0.0,-2.5,-0.0,-2.5,1.0,-1.5,-0.0,-2.5,0.8202,0.4369
20200,Mark 14,Mark 55,VELVETFRUIT_EXTRACT,XIRECS,5224.0,5,1,sell,Mark 14,-5,VELVETFRUIT_EXTRACT,5224,24,5229,24,5226.5,5,48,-2.5,0.0,-5.0,at_bid,taker_proxy,-1.0,5226.5,5226.5,5228.5,5227.5,-0.0,-2.5,-0.0,-2.5,-2.0,-4.5,-1.0,-3.5,0.8202,0.2538
29300,Mark 14,Mark 55,VELVETFRUIT_EXTRACT,XIRECS,5237.0,4,1,sell,Mark 14,-4,VELVETFRUIT_EXTRACT,5237,24,5242,24,5239.5,5,48,-2.5,0.0,-5.0,at_bid,taker_proxy,-1.0,5238.5,5238.5,5240.5,5241.5,1.0,-1.5,1.0,-1.5,-1.0,-3.5,-2.0,-4.5,0.8202,0.2538
31700,Mark 55,Mark 01,VELVETFRUIT_EXTRACT,XIRECS,5237.0,4,1,buy,Mark 01,4,VELVETFRUIT_EXTRACT,5232,21,5237,52,5234.5,5,73,2.5,5.0,0.0,at_ask,taker_proxy,1.0,5234.5,5234.5,5236.5,5236.0,0.0,-2.5,0.0,-2.5,2.0,-0.5,1.5,-1.0,0.8202,0.4183
32600,Mark 55,Mark 01,VELVETFRUIT_EXTRACT,XIRECS,5240.0,5,1,buy,Mark 01,5,VELVETFRUIT_EXTRACT,5235,20,5240,58,5237.5,5,78,2.5,5.0,0.0,at_ask,taker_proxy,1.0,5238.0,5238.0,5237.0,5240.0,0.5,-2.0,0.5,-2.0,-0.5,-3.0,2.5,0.0,0.8202,0.521
36500,Mark 22,Mark 55,VELVETFRUIT_EXTRACT,XIRECS,5232.0,7,1,sell,Mark 22,-7,VELVETFRUIT_EXTRACT,5232,9,5235,56,5233.5,3,65,-1.5,0.0,-3.0,at_bid,taker_proxy,-1.0,5231.0,5231.0,5233.0,5230.5,2.5,1.0,2.5,1.0,0.5,-1.0,3.0,1.5,0.0732,0.3108
38700,Mark 01,Mark 55,VELVETFRUIT_EXTRACT,XIRECS,5228.0,8,1,sell,Mark 01,-8,VELVETFRUIT_EXTRACT,5228,56,5234,56,5231.0,6,112,-3.0,0.0,-6.0,at_bid,taker_proxy,-1.0,5230.5,5230.5,5234.0,5234.5,0.5,-2.5,0.5,-2.5,-3.0,-6.0,-3.5,-6.5,1.0,0.8789
39800,Mark 01,Mark 55,VELVETFRUIT_EXTRACT,XIRECS,5232.0,4,1,sell,Mark 01,-4,VELVETFRUIT_EXTRACT,5232,53,5238,53,5235.0,6,106,-3.0,0.0,-6.0,at_bid,taker_proxy,-1.0,5234.5,5234.5,5234.0,5233.0,0.5,-2.5,0.5,-2.5,1.0,-2.0,2.0,-1.0,1.0,0.8536
43600,Mark 01,Mark 55,VELVETFRUIT_EXTRACT,XIRECS,5229.0,4,1,sell,Mark 01,-4,VELVETFRUIT_EXTRACT,5229,60,5234,25,5231.5,5,85,-2.5,0.0,-5.0,at_bid,taker_proxy,-1.0,5232.5,5232.5,5233.5,5236.0,-1.0,-3.5,-1.0,-3.5,-2.0,-4.5,-4.5,-7.0,0.8202,0.6744
47700,Mark 01,Mark 55,VELVETFRUIT_EXTRACT,XIRECS,5243.0,4,1,sell,Mark 01,-4,VELVETFRUIT_EXTRACT,5243,54,5245,9,5244.0,2,63,-1.0,0.0,-2.0,at_bid,taker_proxy,-1.0,5246.5,5246.5,5245.5,5244.5,-2.5,-3.5,-2.5,-3.5,-1.5,-2.5,-0.5,-1.5,0.0411,0.295
48900,Mark 01,Mark 55,VELVETFRUIT_EXTRACT,XIRECS,5241.0,6,1,sell,Mark 01,-6,VELVETFRUIT_EXTRACT,5241,55,5246,25,5243.5,5,80,-2.5,0.0,-5.0,at_bid,taker_proxy,-1.0,5244.0,5244.0,5244.5,5243.5,-0.5,-3.0,-0.5,-3.0,-1.0,-3.5,-0.0,-2.5,0.8202,0.5676
49800,Mark 01,Mark 55,VELVETFRUIT_EXTRACT,XIRECS,5244.0,3,1,sell,Mark 01,-3,VELVETFRUIT_EXTRACT,5244,73,5249,23,5246.5,5,96,-2.5,0.0,-5.0,at_bid,taker_proxy,-1.0,5247.5,5247.5,5247.5,5246.0,-1.0,-3.5,-1.0,-3.5,-1.0,-3.5,0.5,-2.0,0.8202,0.8151
51700,Mark 14,Mark 55,VELVETFRUIT_EXTRACT,XIRECS,5243.0,4,1,sell,Mark 14,-4,VELVETFRUIT_EXTRACT,5243,19,5248,19,5245.5,5,38,-2.5,0.0,-5.0,at_bid,taker_proxy,-1.0,5247.5,5247.5,5246.5,5246.5,-2.0,-4.5,-2.0,-4.5,-1.0,-3.5,-1.0,-3.5,0.8202,0.146
59600,Mark 14,Mark 55,VELVETFRUIT_EXTRACT,XIRECS,5244.0,4,1,sell,Mark 14,-4,VELVETFRUIT_EXTRACT,5244,20,5249,67,5246.5,5,87,-2.5,0.0,-5.0,at_bid,taker_proxy,-1.0,5246.5,5246.5,5247.0,5246.5,-0.0,-2.5,-0.0,-2.5,-0.5,-3.0,-0.0,-2.5,0.8202,0.7115
60300,Mark 14,Mark 55,VELVETFRUIT_EXTRACT,XIRECS,5245.0,5,1,sell,Mark 14,-5,VELVETFRUIT_EXTRACT,5245,18,5250,18,5247.5,5,36,-2.5,0.0,-5.0,at_bid,taker_proxy,-1.0,5248.5,5248.5,5248.5,5246.5,-1.0,-3.5,-1.0,-3.5,-1.0,-3.5,1.0,-1.5,0.8202,0.1232
62100,Mark 14,Mark 55,VELVETFRUIT_EXTRACT,XIRECS,5243.0,6,1,sell,Mark 14,-6,VELVETFRUIT_EXTRACT,5243,22,5248,22,5245.5,5,44,-2.5,0.0,-5.0,at_bid,taker_proxy,-1.0,5243.5,5243.5,5243.5,5243.5,2.0,-0.5,2.0,-0.5,2.0,-0.5,2.0,-0.5,0.8202,0.2107
63200,Mark 14,Mark 55,VELVETFRUIT_EXTRACT,XIRECS,5240.0,8,1,sell,Mark 14,-8,VELVETFRUIT_EXTRACT,5240,17,5245,49,5242.5,5,66,-2.5,0.0,-5.0,at_bid,taker_proxy,-1.0,5242.5,5242.5,5243.5,5243.5,-0.0,-2.5,-0.0,-2.5,-1.0,-3.5,-1.0,-3.5,0.8202,0.3221
64200,Mark 55,Mark 14,VELVETFRUIT_EXTRACT,XIRECS,5245.0,6,1,buy,Mark 14,6,VELVETFRUIT_EXTRACT,5240,25,5245,25,5242.5,5,50,2.5,5.0,0.0,at_ask,taker_proxy,1.0,5242.5,5242.5,5244.5,5243.5,0.0,-2.5,0.0,-2.5,2.0,-0.5,1.0,-1.5,0.8202,0.275
65700,Mark 14,Mark 55,VELVETFRUIT_EXTRACT,XIRECS,5240.0,8,1,sell,Mark 14,-8,VELVETFRUIT_EXTRACT,5240,21,5245,21,5242.5,5,42,-2.5,0.0,-5.0,at_bid,taker_proxy,-1.0,5241.5,5241.5,5242.5,5242.0,1.0,-1.5,1.0,-1.5,-0.0,-2.5,0.5,-2.0,0.8202,0.1898
67700,Mark 55,Mark 14,VELVETFRUIT_EXTRACT,XIRECS,5250.0,4,1,buy,Mark 14,4,VELVETFRUIT_EXTRACT,5247,9,5250,18,5248.5,3,27,1.5,3.0,0.0,at_ask,taker_proxy,1.0,5247.0,5247.0,5247.5,5246.5,-1.5,-3.0,-1.5,-3.0,-1.0,-2.5,-2.0,-3.5,0.0732,0.0153
73400,Mark 55,Mark 49,VELVETFRUIT_EXTRACT,XIRECS,5236.0,6,1,buy,Mark 49,6,VELVETFRUIT_EXTRACT,5235,15,5236,6,5235.5,1,21,0.5,1.0,0.0,at_ask,taker_proxy,1.0,5236.5,5236.5,5237.0,5235.5,1.0,0.5,1.0,0.5,1.5,1.0,0.0,-0.5,0.0061,0.0012
74300,Mark 55,Mark 14,VELVETFRUIT_EXTRACT,XIRECS,5238.0,6,1,buy,Mark 14,6,VELVETFRUIT_EXTRACT,5233,19,5238,19,5235.5,5,38,2.5,5.0,0.0,at_ask,taker_proxy,1.0,5237.5,5237.5,5237.5,5240.0,2.0,-0.5,2.0,-0.5,2.0,-0.5,4.5,2.0,0.8202,0.146
74400,Mark 14,Mark 55,VELVETFRUIT_EXTRACT,XIRECS,5235.0,4,1,sell,Mark 14,-4,VELVETFRUIT_EXTRACT,5235,24,5240,64,5237.5,5,88,-2.5,0.0,-5.0,at_bid,taker_proxy,-1.0,5237.5,5237.5,5239.5,5239.5,-0.0,-2.5,-0.0,-2.5,-2.0,-4.5,-2.0,-4.5,0.8202,0.7278
77300,Mark 55,Mark 14,VELVETFRUIT_EXTRACT,XIRECS,5241.0,8,1,buy,Mark 14,8,VELVETFRUIT_EXTRACT,5236,21,5241,21,5238.5,5,42,2.5,5.0,0.0,at_ask,taker_proxy,1.0,5238.5,5238.5,5238.5,5236.5,0.0,-2.5,0.0,-2.5,0.0,-2.5,-2.0,-4.5,0.8202,0.1898
82300,Mark 01,Mark 55,VELVETFRUIT_EXTRACT,XIRECS,5235.0,3,1,sell,Mark 01,-3,VELVETFRUIT_EXTRACT,5235,67,5240,23,5237.5,5,90,-2.5,0.0,-5.0,at_bid,taker_proxy,-1.0,5238.5,5238.5,5237.0,5235.5,-1.0,-3.5,-1.0,-3.5,0.5,-2.0,2.0,-0.5,0.8202,0.7543
83200,Mark 55,Mark 01,VELVETFRUIT_EXTRACT,XIRECS,5237.0,7,1,buy,Mark 01,7,VELVETFRUIT_EXTRACT,5231,61,5237,61,5234.0,6,122,3.0,6.0,0.0,at_ask,taker_proxy,1.0,5234.0,5234.0,5235.5,5235.0,0.0,-3.0,0.0,-3.0,1.5,-1.5,1.0,-2.0,1.0,0.9194
87900,Mark 14,Mark 55,VELVETFRUIT_EXTRACT,XIRECS,5239.0,3,1,sell,Mark 14,-3,VELVETFRUIT_EXTRACT,5239,20,5244,67,5241.5,5,87,-2.5,0.0,-5.0,at_bid,taker_proxy,-1.0,5240.5,5240.5,5240.5,5242.5,1.0,-1.5,1.0,-1.5,1.0,-1.5,-1.0,-3.5,0.8202,0.7115
91100,Mark 55,Mark 14,VELVETFRUIT_EXTRACT,XIRECS,5244.0,6,1,buy,Mark 14,6,VELVETFRUIT_EXTRACT,5239,15,5244,15,5241.5,5,30,2.5,5.0,0.0,at_ask,taker_proxy,1.0,5242.5,5242.5,5241.5,5241.5,1.0,-1.5,1.0,-1.5,0.0,-2.5,0.0,-2.5,0.8202,0.0459
92000,Mark 55,Mark 14,VELVETFRUIT_EXTRACT,XIRECS,5243.0,8,1,buy,Mark 14,8,VELVETFRUIT_EXTRACT,5238,23,5243,23,5240.5,5,46,2.5,5.0,0.0,at_ask,taker_proxy,1.0,5240.5,5240.5,5242.5,5243.5,0.0,-2.5,0.0,-2.5,2.0,-0.5,3.0,0.5,0.8202,0.2334
93700,Mark 55,Mark 01,VELVETFRUIT_EXTRACT,XIRECS,5246.0,6,1,buy,Mark 01,6,VELVETFRUIT_EXTRACT,5241,15,5246,62,5243.5,5,77,2.5,5.0,0.0,at_ask,taker_proxy,1.0,5243.5,5243.5,5244.5,5245.5,0.0,-2.5,0.0,-2.5,1.0,-1.5,2.0,-0.5,0.8202,0.4983
93800,Mark 55,Mark 01,VELVETFRUIT_EXTRACT,XIRECS,5246.0,7,1,buy,Mark 01,7,VELVETFRUIT_EXTRACT,5241,22,5246,54,5243.5,5,76,2.5,5.0,0.0,at_ask,taker_proxy,1.0,5244.5,5244.5,5245.5,5243.5,1.0,-1.5,1.0,-1.5,2.0,-0.5,0.0,-2.5,0.8202,0.4747
100500,Mark 55,Mark 14,VELVETFRUIT_EXTRACT,XIRECS,5248.0,4,1,buy,Mark 14,4,VELVETFRUIT_EXTRACT,5243,22,5248,22,5245.5,5,44,2.5,5.0,0.0,at_ask,taker_proxy,1.0,5246.0,5246.0,5247.5,5248.0,0.5,-2.0,0.5,-2.0,2.0,-0.5,2.5,0.0,0.8202,0.2107
104400,Mark 55,Mark 14,VELVETFRUIT_EXTRACT,XIRECS,5252.0,6,1,buy,Mark 14,6,VELVETFRUIT_EXTRACT,5247,68,5252,22,5249.5,5,90,2.5,5.0,0.0,at_ask,taker_proxy,1.0,5249.5,5249.5,5249.5,5250.5,0.0,-2.5,0.0,-2.5,0.0,-2.5,1.0,-1.5,0.8202,0.7543
107900,Mark 55,Mark 01,VELVETFRUIT_EXTRACT,XIRECS,5267.0,3,1,buy,Mark 01,3,VELVETFRUIT_EXTRACT,5261,48,5267,48,5264.0,6,96,3.0,6.0,0.0,at_ask,taker_proxy,1.0,5262.5,5262.5,5261.5,5264.0,-1.5,-4.5,-1.5,-4.5,-2.5,-5.5,0.0,-3.0,1.0,0.8151
110100,Mark 01,Mark 55,VELVETFRUIT_EXTRACT,XIRECS,5265.0,4,1,sell,Mark 01,-4,VELVETFRUIT_EXTRACT,5265,59,5270,17,5267.5,5,76,-2.5,0.0,-5.0,at_bid,taker_proxy,-1.0,5267.5,5267.5,5267.5,5266.5,-0.0,-2.5,-0.0,-2.5,-0.0,-2.5,1.0,-1.5,0.8202,0.4747
112000,Mark 14,Mark 55,VELVETFRUIT_EXTRACT,XIRECS,5260.0,3,1,sell,Mark 14,-3,VELVETFRUIT_EXTRACT,5260,17,5265,55,5262.5,5,72,-2.5,0.0,-5.0,at_bid,taker_proxy,-1.0,5263.5,5263.5,5262.5,5264.5,-1.0,-3.5,-1.0,-3.5,-0.0,-2.5,-2.0,-4.5,0.8202,0.4027
118800,Mark 14,Mark 55,VELVETFRUIT_EXTRACT,XIRECS,5257.0,3,1,sell,Mark 14,-3,VELVETFRUIT_EXTRACT,5257,22,5262,61,5259.5,5,83,-2.5,0.0,-5.0,at_bid,taker_proxy,-1.0,5259.5,5259.5,5257.5,5258.0,-0.0,-2.5,-0.0,-2.5,2.0,-0.5,1.5,-1.0,0.8202,0.634
123300,Mark 01,Mark 55,VELVETFRUIT_EXTRACT,XIRECS,5262.0,7,1,sell,Mark 01,-7,VELVETFRUIT_EXTRACT,5262,62,5267,16,5264.5,5,78,-2.5,0.0,-5.0,at_bid,taker_proxy,-1.0,5264.5,5264.5,5264.5,5264.5,-0.0,-2.5,-0.0,-2.5,-0.0,-2.5,-0.0,-2.5,0.8202,0.521
125600,Mark 55,Mark 14,VELVETFRUIT_EXTRACT,XIRECS,5265.0,3,1,buy,Mark 14,3,VELVETFRUIT_EXTRACT,5260,64,5265,23,5262.5,5,87,2.5,5.0,0.0,at_ask,taker_proxy,1.0,5261.5,5261.5,5262.5,5263.5,-1.0,-3.5,-1.0,-3.5,0.0,-2.5,1.0,-1.5,0.8202,0.7115
131300,Mark 49,Mark 55,VELVETFRUIT_EXTRACT,XIRECS,5265.0,5,1,sell,Mark 49,-5,VELVETFRUIT_EXTRACT,5265,13,5268,70,5266.5,3,83,-1.5,0.0,-3.0,at_bid,taker_proxy,-1.0,5265.5,5265.5,5264.5,5264.0,1.0,-0.5,1.0,-0.5,2.0,0.5,2.5,1.0,0.0732,0.634
131800,Mark 01,Mark 55,VELVETFRUIT_EXTRACT,XIRECS,5261.0,5,1,sell,Mark 01,-5,VELVETFRUIT_EXTRACT,5261,57,5267,57,5264.0,6,114,-3.0,0.0,-6.0,at_bid,taker_proxy,-1.0,5262.5,5262.5,5262.5,5264.0,1.5,-1.5,1.5,-1.5,1.5,-1.5,-0.0,-3.0,1.0,0.8856
134000,Mark 14,Mark 55,VELVETFRUIT_EXTRACT,XIRECS,5264.0,8,1,sell,Mark 14,-8,VELVETFRUIT_EXTRACT,5264,24,5269,68,5266.5,5,92,-2.5,0.0,-5.0,at_bid,taker_proxy,-1.0,5265.5,5265.5,5264.5,5261.5,1.0,-1.5,1.0,-1.5,2.0,-0.5,5.0,2.5,0.8202,0.7794
135200,Mark 55,Mark 01,VELVETFRUIT_EXTRACT,XIRECS,5264.0,8,1,buy,Mark 01,8,VELVETFRUIT_EXTRACT,5258,67,5264,67,5261.0,6,134,3.0,6.0,0.0,at_ask,taker_proxy,1.0,5259.5,5259.5,5258.5,5261.0,-1.5,-4.5,-1.5,-4.5,-2.5,-5.5,0.0,-3.0,1.0,0.9683
135500,Mark 14,Mark 55,VELVETFRUIT_EXTRACT,XIRECS,5257.0,7,1,sell,Mark 14,-7,VELVETFRUIT_EXTRACT,5257,16,5262,16,5259.5,5,32,-2.5,0.0,-5.0,at_bid,taker_proxy,-1.0,5260.5,5260.5,5261.0,5262.5,-1.0,-3.5,-1.0,-3.5,-1.5,-4.0,-3.0,-5.5,0.8202,0.0745
138000,Mark 01,Mark 55,VELVETFRUIT_EXTRACT,XIRECS,5254.0,7,1,sell,Mark 01,-7,VELVETFRUIT_EXTRACT,5254,55,5259,24,5256.5,5,79,-2.5,0.0,-5.0,at_bid,taker_proxy,-1.0,5256.5,5256.5,5255.5,5257.5,-0.0,-2.5,-0.0,-2.5,1.0,-1.5,-1.0,-3.5,0.8202,0.5428
140000,Mark 55,Mark 14,VELVETFRUIT_EXTRACT,XIRECS,5261.0,5,1,buy,Mark 14,5,VELVETFRUIT_EXTRACT,5256,59,5261,21,5258.5,5,80,2.5,5.0,0.0,at_ask,taker_proxy,1.0,5257.5,5257.5,5257.5,5255.5,-1.0,-3.5,-1.0,-3.5,-1.0,-3.5,-3.0,-5.5,0.8202,0.5676
140100,Mark 55,Mark 14,VELVETFRUIT_EXTRACT,XIRECS,5260.0,4,1,buy,Mark 14,4,VELVETFRUIT_EXTRACT,5255,20,5260,20,5257.5,5,40,2.5,5.0,0.0,at_ask,taker_proxy,1.0,5257.5,5257.5,5256.5,5255.5,0.0,-2.5,0.0,-2.5,-1.0,-3.5,-2.0,-4.5,0.8202,0.1672
141000,Mark 55,Mark 14,VELVETFRUIT_EXTRACT,XIRECS,5260.0,4,1,buy,Mark 14,4,VELVETFRUIT_EXTRACT,5255,16,5260,16,5257.5,5,32,2.5,5.0,0.0,at_ask,taker_proxy,1.0,5258.5,5258.5,5259.5,5258.5,1.0,-1.5,1.0,-1.5,2.0,-0.5,1.0,-1.5,0.8202,0.0745
142000,Mark 55,Mark 14,VELVETFRUIT_EXTRACT,XIRECS,5262.0,6,1,buy,Mark 14,6,VELVETFRUIT_EXTRACT,5257,52,5262,19,5259.5,5,71,2.5,5.0,0.0,at_ask,taker_proxy,1.0,5259.5,5259.5,5260.5,5262.5,0.0,-2.5,0.0,-2.5,1.0,-1.5,3.0,0.5,0.8202,0.3867
144500,Mark 01,Mark 55,VELVETFRUIT_EXTRACT,XIRECS,5258.0,5,1,sell,Mark 01,-5,VELVETFRUIT_EXTRACT,5258,70,5263,21,5260.5,5,91,-2.5,0.0,-5.0,at_bid,taker_proxy,-1.0,5262.5,5262.5,5261.5,5261.0,-2.0,-4.5,-2.0,-4.5,-1.0,-3.5,-0.5,-3.0,0.8202,0.7667
146700,Mark 14,Mark 55,VELVETFRUIT_EXTRACT,XIRECS,5260.0,7,1,sell,Mark 14,-7,VELVETFRUIT_EXTRACT,5260,18,5265,68,5262.5,5,86,-2.5,0.0,-5.0,at_bid,taker_proxy,-1.0,5263.0,5263.0,5263.5,5265.5,-0.5,-3.0,-0.5,-3.0,-1.0,-3.5,-3.0,-5.5,0.8202,0.6942
148300,Mark 22,Mark 55,VELVETFRUIT_EXTRACT,XIRECS,5265.0,4,1,sell,Mark 22,-4,VELVETFRUIT_EXTRACT,5265,6,5268,25,5266.5,3,31,-1.5,0.0,-3.0,at_bid,taker_proxy,-1.0,5264.5,5264.5,5264.5,5262.5,2.0,0.5,2.0,0.5,2.0,0.5,4.0,2.5,0.0732,0.0491
150700,Mark 55,Mark 01,VELVETFRUIT_EXTRACT,XIRECS,5268.0,7,1,buy,Mark 01,7,VELVETFRUIT_EXTRACT,5263,19,5268,51,5265.5,5,70,2.5,5.0,0.0,at_ask,taker_proxy,1.0,5265.5,5265.5,5265.5,5266.5,0.0,-2.5,0.0,-2.5,0.0,-2.5,1.0,-1.5,0.8202,0.3732
151400,Mark 01,Mark 55,VELVETFRUIT_EXTRACT,XIRECS,5261.0,7,1,sell,Mark 01,-7,VELVETFRUIT_EXTRACT,5261,71,5266,22,5263.5,5,93,-2.5,0.0,-5.0,at_bid,taker_proxy,-1.0,5260.5,5260.5,5260.5,5260.0,3.0,0.5,3.0,0.5,3.0,0.5,3.5,1.0,0.8202,0.7892
164000,Mark 14,Mark 55,VELVETFRUIT_EXTRACT,XIRECS,5251.0,5,1,sell,Mark 14,-5,VELVETFRUIT_EXTRACT,5251,19,5256,61,5253.5,5,80,-2.5,0.0,-5.0,at_bid,taker_proxy,-1.0,5252.0,5252.0,5251.5,5252.5,1.5,-1.0,1.5,-1.0,2.0,-0.5,1.0,-1.5,0.8202,0.5676
165500,Mark 49,Mark 55,VELVETFRUIT_EXTRACT,XIRECS,5250.0,4,1,sell,Mark 49,-4,VELVETFRUIT_EXTRACT,5250,8,5252,19,5251.0,2,27,-1.0,0.0,-2.0,at_bid,taker_proxy,-1.0,5250.5,5250.5,5251.5,5250.5,0.5,-0.5,0.5,-0.5,-0.5,-1.5,0.5,-0.5,0.0411,0.0153
167600,Mark 01,Mark 55,VELVETFRUIT_EXTRACT,XIRECS,5249.0,6,1,sell,Mark 01,-6,VELVETFRUIT_EXTRACT,5249,48,5255,48,5252.0,6,96,-3.0,0.0,-6.0,at_bid,taker_proxy,-1.0,5252.5,5252.5,5252.5,5253.5,-0.5,-3.5,-0.5,-3.5,-0.5,-3.5,-1.5,-4.5,1.0,0.8151
168400,Mark 14,Mark 55,VELVETFRUIT_EXTRACT,XIRECS,5248.0,3,1,sell,Mark 14,-3,VELVETFRUIT_EXTRACT,5248,24,5253,65,5250.5,5,89,-2.5,0.0,-5.0,at_bid,taker_proxy,-1.0,5250.0,5250.0,5248.5,5249.5,0.5,-2.0,0.5,-2.0,2.0,-0.5,1.0,-1.5,0.8202,0.7418
171700,Mark 01,Mark 55,VELVETFRUIT_EXTRACT,XIRECS,5248.0,7,1,sell,Mark 01,-7,VELVETFRUIT_EXTRACT,5248,56,5253,16,5250.5,5,72,-2.5,0.0,-5.0,at_bid,taker_proxy,-1.0,5249.0,5249.0,5250.5,5250.5,1.5,-1.0,1.5,-1.0,-0.0,-2.5,-0.0,-2.5,0.8202,0.4027
179200,Mark 01,Mark 55,VELVETFRUIT_EXTRACT,XIRECS,5243.0,4,1,sell,Mark 01,-4,VELVETFRUIT_EXTRACT,5243,56,5248,21,5245.5,5,77,-2.5,0.0,-5.0,at_bid,taker_proxy,-1.0,5246.5,5246.5,5244.5,5247.5,-1.0,-3.5,-1.0,-3.5,1.0,-1.5,-2.0,-4.5,0.8202,0.4983
180100,Mark 55,Mark 01,VELVETFRUIT_EXTRACT,XIRECS,5248.0,3,1,buy,Mark 01,3,VELVETFRUIT_EXTRACT,5243,24,5248,72,5245.5,5,96,2.5,5.0,0.0,at_ask,taker_proxy,1.0,5246.5,5246.5,5247.5,5248.5,1.0,-1.5,1.0,-1.5,2.0,-0.5,3.0,0.5,0.8202,0.8151
187400,Mark 55,Mark 01,VELVETFRUIT_EXTRACT,XIRECS,5235.0,8,1,buy,Mark 01,8,VELVETFRUIT_EXTRACT,5229,56,5235,56,5232.0,6,112,3.0,6.0,0.0,at_ask,taker_proxy,1.0,5231.5,5231.5,5232.0,5231.5,-0.5,-3.5,-0.5,-3.5,0.0,-3.0,-0.5,-3.5,1.0,0.8789
187600,Mark 55,Mark 01,VELVETFRUIT_EXTRACT,XIRECS,5235.0,5,1,buy,Mark 01,5,VELVETFRUIT_EXTRACT,5229,50,5235,50,5232.0,6,100,3.0,6.0,0.0,at_ask,taker_proxy,1.0,5230.5,5230.5,5230.5,5230.0,-1.5,-4.5,-1.5,-4.5,-1.5,-4.5,-2.0,-5.0,1.0,0.8359
188800,Mark 22,Mark 55,VELVETFRUIT_EXTRACT,XIRECS,5232.0,6,1,sell,Mark 22,-6,VELVETFRUIT_EXTRACT,5232,9,5235,23,5233.5,3,32,-1.5,0.0,-3.0,at_bid,taker_proxy,-1.0,5234.5,5234.5,5234.5,5237.5,-1.0,-2.5,-1.0,-2.5,-1.0,-2.5,-4.0,-5.5,0.0732,0.0745
190600,Mark 14,Mark 55,VELVETFRUIT_EXTRACT,XIRECS,5234.0,6,1,sell,Mark 14,-6,VELVETFRUIT_EXTRACT,5234,21,5239,21,5236.5,5,42,-2.5,0.0,-5.0,at_bid,taker_proxy,-1.0,5236.5,5236.5,5237.5,5239.5,-0.0,-2.5,-0.0,-2.5,-1.0,-3.5,-3.0,-5.5,0.8202,0.1898
190700,Mark 55,Mark 14,VELVETFRUIT_EXTRACT,XIRECS,5239.0,3,1,buy,Mark 14,3,VELVETFRUIT_EXTRACT,5234,17,5239,17,5236.5,5,34,2.5,5.0,0.0,at_ask,taker_proxy,1.0,5237.5,5237.5,5240.0,5239.5,1.0,-1.5,1.0,-1.5,3.5,1.0,3.0,0.5,0.8202,0.1006
191100,Mark 14,Mark 55,VELVETFRUIT_EXTRACT,XIRECS,5237.0,8,1,sell,Mark 14,-8,VELVETFRUIT_EXTRACT,5237,15,5242,15,5239.5,5,30,-2.5,0.0,-5.0,at_bid,taker_proxy,-1.0,5239.5,5239.5,5240.0,5237.5,-0.0,-2.5,-0.0,-2.5,-0.5,-3.0,2.0,-0.5,0.8202,0.0459
192600,Mark 14,Mark 55,VELVETFRUIT_EXTRACT,XIRECS,5231.0,3,1,sell,Mark 14,-3,VELVETFRUIT_EXTRACT,5231,25,5236,25,5233.5,5,50,-2.5,0.0,-5.0,at_bid,taker_proxy,-1.0,5233.5,5233.5,5235.5,5235.5,-0.0,-2.5,-0.0,-2.5,-2.0,-4.5,-2.0,-4.5,0.8202,0.275
194400,Mark 14,Mark 55,VELVETFRUIT_EXTRACT,XIRECS,5234.0,5,1,sell,Mark 14,-5,VELVETFRUIT_EXTRACT,5234,18,5239,53,5236.5,5,71,-2.5,0.0,-5.0,at_bid,taker_proxy,-1.0,5237.5,5237.5,5235.5,5233.5,-1.0,-3.5,-1.0,-3.5,1.0,-1.5,3.0,0.5,0.8202,0.3867
195200,Mark 55,Mark 14,VELVETFRUIT_EXTRACT,XIRECS,5236.0,3,1,buy,Mark 14,3,VELVETFRUIT_EXTRACT,5231,20,5236,20,5233.5,5,40,2.5,5.0,0.0,at_ask,taker_proxy,1.0,5233.5,5233.5,5234.0,5234.5,0.0,-2.5,0.0,-2.5,0.5,-2.0,1.0,-1.5,0.8202,0.1672
196100,Mark 55,Mark 14,VELVETFRUIT_EXTRACT,XIRECS,5236.0,5,1,buy,Mark 14,5,VELVETFRUIT_EXTRACT,5231,71,5236,23,5233.5,5,94,2.5,5.0,0.0,at_ask,taker_proxy,1.0,5235.5,5235.5,5233.5,5233.5,2.0,-0.5,2.0,-0.5,0.0,-2.5,0.0,-2.5,0.8202,0.8003
198900,Mark 55,Mark 14,VELVETFRUIT_EXTRACT,XIRECS,5243.0,5,1,buy,Mark 14,5,VELVETFRUIT_EXTRACT,5238,57,5243,15,5240.5,5,72,2.5,5.0,0.0,at_ask,taker_proxy,1.0,5241.0,5241.0,5242.5,5240.5,0.5,-2.0,0.5,-2.0,2.0,-0.5,0.0,-2.5,0.8202,0.4027
199200,Mark 55,Mark 14,VELVETFRUIT_EXTRACT,XIRECS,5243.0,5,1,buy,Mark 14,5,VELVETFRUIT_EXTRACT,5238,25,5243,25,5240.5,5,50,2.5,5.0,0.0,at_ask,taker_proxy,1.0,5238.5,5238.5,5240.5,5239.5,-2.0,-4.5,-2.0,-4.5,0.0,-2.5,-1.0,-3.5,0.8202,0.275
203700,Mark 55,Mark 14,VELVETFRUIT_EXTRACT,XIRECS,5241.0,3,1,buy,Mark 14,3,VELVETFRUIT_EXTRACT,5236,57,5241,19,5238.5,5,76,2.5,5.0,0.0,at_ask,taker_proxy,1.0,5239.5,5239.5,5240.5,5242.5,1.0,-1.5,1.0,-1.5,2.0,-0.5,4.0,1.5,0.8202,0.4747
206800,Mark 01,Mark 55,VELVETFRUIT_EXTRACT,XIRECS,5241.0,6,1,sell,Mark 01,-6,VELVETFRUIT_EXTRACT,5241,72,5246,25,5243.5,5,97,-2.5,0.0,-5.0,at_bid,taker_proxy,-1.0,5244.0,5244.0,5245.5,5245.5,-0.5,-3.0,-0.5,-3.0,-2.0,-4.5,-2.0,-4.5,0.8202,0.8189
207600,Mark 55,Mark 01,VELVETFRUIT_EXTRACT,XIRECS,5251.0,4,1,buy,Mark 01,4,VELVETFRUIT_EXTRACT,5245,53,5251,53,5248.0,6,106,3.0,6.0,0.0,at_ask,taker_proxy,1.0,5247.5,5247.5,5246.0,5247.5,-0.5,-3.5,-0.5,-3.5,-2.0,-5.0,-0.5,-3.5,1.0,0.8536
210300,Mark 14,Mark 55,VELVETFRUIT_EXTRACT,XIRECS,5250.0,5,1,sell,Mark 14,-5,VELVETFRUIT_EXTRACT,5250,17,5255,17,5252.5,5,34,-2.5,0.0,-5.0,at_bid,taker_proxy,-1.0,5254.5,5254.5,5253.5,5251.5,-2.0,-4.5,-2.0,-4.5,-1.0,-3.5,1.0,-1.5,0.8202,0.1006
213700,Mark 55,Mark 01,VELVETFRUIT_EXTRACT,XIRECS,5259.0,5,1,buy,Mark 01,5,VELVETFRUIT_EXTRACT,5254,19,5259,64,5256.5,5,83,2.5,5.0,0.0,at_ask,taker_proxy,1.0,5257.5,5257.5,5255.5,5253.5,1.0,-1.5,1.0,-1.5,-1.0,-3.5,-3.0,-5.5,0.8202,0.634
214400,Mark 01,Mark 55,VELVETFRUIT_EXTRACT,XIRECS,5250.0,3,1,sell,Mark 01,-3,VELVETFRUIT_EXTRACT,5250,48,5256,48,5253.0,6,96,-3.0,0.0,-6.0,at_bid,taker_proxy,-1.0,5253.0,5253.0,5252.5,5251.0,-0.0,-3.0,-0.0,-3.0,0.5,-2.5,2.0,-1.0,1.0,0.8151
215000,Mark 14,Mark 55,VELVETFRUIT_EXTRACT,XIRECS,5249.0,4,1,sell,Mark 14,-4,VELVETFRUIT_EXTRACT,5249,18,5254,64,5251.5,5,82,-2.5,0.0,-5.0,at_bid,taker_proxy,-1.0,5251.5,5251.5,5252.5,5253.5,-0.0,-2.5,-0.0,-2.5,-1.0,-3.5,-2.0,-4.5,0.8202,0.6118
217100,Mark 55,Mark 14,VELVETFRUIT_EXTRACT,XIRECS,5257.0,4,1,buy,Mark 14,4,VELVETFRUIT_EXTRACT,5252,24,5257,24,5254.5,5,48,2.5,5.0,0.0,at_ask,taker_proxy,1.0,5253.5,5253.5,5253.5,5251.0,-1.0,-3.5,-1.0,-3.5,-1.0,-3.5,-3.5,-6.0,0.8202,0.2538
218900,Mark 14,Mark 55,VELVETFRUIT_EXTRACT,XIRECS,5249.0,8,1,sell,Mark 14,-8,VELVETFRUIT_EXTRACT,5249,24,5254,67,5251.5,5,91,-2.5,0.0,-5.0,at_bid,taker_proxy,-1.0,5252.5,5252.5,5251.5,5251.5,-1.0,-3.5,-1.0,-3.5,-0.0,-2.5,-0.0,-2.5,0.8202,0.7667
221800,Mark 14,Mark 55,VELVETFRUIT_EXTRACT,XIRECS,5241.0,7,1,sell,Mark 14,-7,VELVETFRUIT_EXTRACT,5241,16,5246,16,5243.5,5,32,-2.5,0.0,-5.0,at_bid,taker_proxy,-1.0,5242.5,5242.5,5243.5,5246.5,1.0,-1.5,1.0,-1.5,-0.0,-2.5,-3.0,-5.5,0.8202,0.0745
225100,Mark 55,Mark 14,VELVETFRUIT_EXTRACT,XIRECS,5254.0,5,1,buy,Mark 14,5,VELVETFRUIT_EXTRACT,5249,20,5254,20,5251.5,5,40,2.5,5.0,0.0,at_ask,taker_proxy,1.0,5251.5,5251.5,5249.5,5250.5,0.0,-2.5,0.0,-2.5,-2.0,-4.5,-1.0,-3.5,0.8202,0.1672
237900,Mark 55,Mark 01,VELVETFRUIT_EXTRACT,XIRECS,5254.0,6,1,buy,Mark 01,6,VELVETFRUIT_EXTRACT,5248,57,5254,57,5251.0,6,114,3.0,6.0,0.0,at_ask,taker_proxy,1.0,5252.0,5252.0,5249.5,5248.5,1.0,-2.0,1.0,-2.0,-1.5,-4.5,-2.5,-5.5,1.0,0.8856
239400,Mark 14,Mark 55,VELVETFRUIT_EXTRACT,XIRECS,5251.0,6,1,sell,Mark 14,-6,VELVETFRUIT_EXTRACT,5251,24,5256,68,5253.5,5,92,-2.5,0.0,-5.0,at_bid,taker_proxy,-1.0,5253.5,5253.5,5253.5,5255.5,-0.0,-2.5,-0.0,-2.5,-0.0,-2.5,-2.0,-4.5,0.8202,0.7794
239600,Mark 55,Mark 22,VELVETFRUIT_EXTRACT,XIRECS,5255.0,5,1,buy,Mark 22,5,VELVETFRUIT_EXTRACT,5252,56,5255,5,5253.5,3,61,1.5,3.0,0.0,at_ask,taker_proxy,1.0,5254.5,5254.5,5255.5,5255.0,1.0,-0.5,1.0,-0.5,2.0,0.5,1.5,0.0,0.0732,0.2844
240200,Mark 55,Mark 14,VELVETFRUIT_EXTRACT,XIRECS,5258.0,3,1,buy,Mark 14,3,VELVETFRUIT_EXTRACT,5253,16,5258,16,5255.5,5,32,2.5,5.0,0.0,at_ask,taker_proxy,1.0,5254.5,5254.5,5254.5,5257.5,-1.0,-3.5,-1.0,-3.5,-1.0,-3.5,2.0,-0.5,0.8202,0.0745
245600,Mark 55,Mark 14,VELVETFRUIT_EXTRACT,XIRECS,5256.0,6,1,buy,Mark 14,6,VELVETFRUIT_EXTRACT,5251,16,5256,16,5253.5,5,32,2.5,5.0,0.0,at_ask,taker_proxy,1.0,5253.5,5253.5,5253.5,5256.0,0.0,-2.5,0.0,-2.5,0.0,-2.5,2.5,0.0,0.8202,0.0745
248300,Mark 01,Mark 55,VELVETFRUIT_EXTRACT,XIRECS,5257.0,5,1,sell,Mark 01,-5,VELVETFRUIT_EXTRACT,5257,69,5262,19,5259.5,5,88,-2.5,0.0,-5.0,at_bid,taker_proxy,-1.0,5261.0,5261.0,5262.5,5263.5,-1.5,-4.0,-1.5,-4.0,-3.0,-5.5,-4.0,-6.5,0.8202,0.7278
250500,Mark 01,Mark 55,VELVETFRUIT_EXTRACT,XIRECS,5260.0,4,1,sell,Mark 01,-4,VELVETFRUIT_EXTRACT,5260,62,5265,21,5262.5,5,83,-2.5,0.0,-5.0,at_bid,taker_proxy,-1.0,5262.5,5262.5,5263.5,5263.5,-0.0,-2.5,-0.0,-2.5,-1.0,-3.5,-1.0,-3.5,0.8202,0.634
251200,Mark 01,Mark 55,VELVETFRUIT_EXTRACT,XIRECS,5262.0,8,1,sell,Mark 01,-8,VELVETFRUIT_EXTRACT,5262,64,5267,21,5264.5,5,85,-2.5,0.0,-5.0,at_bid,taker_proxy,-1.0,5263.5,5263.5,5262.5,5265.0,1.0,-1.5,1.0,-1.5,2.0,-0.5,-0.5,-3.0,0.8202,0.6744
252400,Mark 55,Mark 14,VELVETFRUIT_EXTRACT,XIRECS,5267.0,6,1,buy,Mark 14,6,VELVETFRUIT_EXTRACT,5262,23,5267,23,5264.5,5,46,2.5,5.0,0.0,at_ask,taker_proxy,1.0,5264.5,5264.5,5267.5,5265.5,0.0,-2.5,0.0,-2.5,3.0,0.5,1.0,-1.5,0.8202,0.2334
253900,Mark 55,Mark 14,VELVETFRUIT_EXTRACT,XIRECS,5266.0,3,1,buy,Mark 14,3,VELVETFRUIT_EXTRACT,5261,21,5266,21,5263.5,5,42,2.5,5.0,0.0,at_ask,taker_proxy,1.0,5263.5,5263.5,5262.5,5265.0,0.0,-2.5,0.0,-2.5,-1.0,-3.5,1.5,-1.0,0.8202,0.1898
262200,Mark 01,Mark 55,VELVETFRUIT_EXTRACT,XIRECS,5250.0,4,1,sell,Mark 01,-4,VELVETFRUIT_EXTRACT,5250,55,5255,24,5252.5,5,79,-2.5,0.0,-5.0,at_bid,taker_proxy,-1.0,5254.5,5254.5,5253.0,5257.5,-2.0,-4.5,-2.0,-4.5,-0.5,-3.0,-5.0,-7.5,0.8202,0.5428
263900,Mark 55,Mark 14,VELVETFRUIT_EXTRACT,XIRECS,5257.0,7,1,buy,Mark 14,7,VELVETFRUIT_EXTRACT,5252,17,5257,17,5254.5,5,34,2.5,5.0,0.0,at_ask,taker_proxy,1.0,5251.0,5251.0,5253.5,5252.5,-3.5,-6.0,-3.5,-6.0,-1.0,-3.5,-2.0,-4.5,0.8202,0.1006
265600,Mark 14,Mark 55,VELVETFRUIT_EXTRACT,XIRECS,5248.0,5,1,sell,Mark 14,-5,VELVETFRUIT_EXTRACT,5248,15,5253,65,5250.5,5,80,-2.5,0.0,-5.0,at_bid,taker_proxy,-1.0,5246.5,5246.5,5249.5,5251.0,4.0,1.5,4.0,1.5,1.0,-1.5,-0.5,-3.0,0.8202,0.5676
265800,Mark 55,Mark 14,VELVETFRUIT_EXTRACT,XIRECS,5252.0,7,1,buy,Mark 14,7,VELVETFRUIT_EXTRACT,5247,21,5252,21,5249.5,5,42,2.5,5.0,0.0,at_ask,taker_proxy,1.0,5250.5,5250.5,5251.5,5252.5,1.0,-1.5,1.0,-1.5,2.0,-0.5,3.0,0.5,0.8202,0.1898
266500,Mark 55,Mark 01,VELVETFRUIT_EXTRACT,XIRECS,5253.0,5,1,buy,Mark 01,5,VELVETFRUIT_EXTRACT,5247,61,5253,61,5250.0,6,122,3.0,6.0,0.0,at_ask,taker_proxy,1.0,5248.5,5248.5,5249.0,5250.5,-1.5,-4.5,-1.5,-4.5,-1.0,-4.0,0.5,-2.5,1.0,0.9194
267400,Mark 55,Mark 14,VELVETFRUIT_EXTRACT,XIRECS,5253.0,3,1,buy,Mark 14,3,VELVETFRUIT_EXTRACT,5248,16,5253,16,5250.5,5,32,2.5,5.0,0.0,at_ask,taker_proxy,1.0,5250.0,5250.0,5249.0,5247.5,-0.5,-3.0,-0.5,-3.0,-1.5,-4.0,-3.0,-5.5,0.8202,0.0745
268700,Mark 55,Mark 14,VELVETFRUIT_EXTRACT,XIRECS,5251.0,5,1,buy,Mark 14,5,VELVETFRUIT_EXTRACT,5246,15,5251,15,5248.5,5,30,2.5,5.0,0.0,at_ask,taker_proxy,1.0,5246.5,5246.5,5247.5,5250.0,-2.0,-4.5,-2.0,-4.5,-1.0,-3.5,1.5,-1.0,0.8202,0.0459
269300,Mark 01,Mark 55,VELVETFRUIT_EXTRACT,XIRECS,5247.0,5,1,sell,Mark 01,-5,VELVETFRUIT_EXTRACT,5247,59,5252,23,5249.5,5,82,-2.5,0.0,-5.0,at_bid,taker_proxy,-1.0,5250.5,5250.5,5250.0,5251.0,-1.0,-3.5,-1.0,-3.5,-0.5,-3.0,-1.5,-4.0,0.8202,0.6118
275300,Mark 55,Mark 01,VELVETFRUIT_EXTRACT,XIRECS,5259.0,8,1,buy,Mark 01,8,VELVETFRUIT_EXTRACT,5256,7,5259,67,5257.5,3,74,1.5,3.0,0.0,at_ask,taker_proxy,1.0,5258.5,5258.5,5259.5,5258.5,1.0,-0.5,1.0,-0.5,2.0,0.5,1.0,-0.5,0.0732,0.4369
276500,Mark 55,Mark 14,VELVETFRUIT_EXTRACT,XIRECS,5255.0,7,1,buy,Mark 14,7,VELVETFRUIT_EXTRACT,5253,10,5255,15,5254.0,2,25,1.0,2.0,0.0,at_ask,taker_proxy,1.0,5252.5,5252.5,5252.5,5251.5,-1.5,-2.5,-1.5,-2.5,-1.5,-2.5,-2.5,-3.5,0.0411,0.0102
277400,Mark 55,Mark 14,VELVETFRUIT_EXTRACT,XIRECS,5254.0,4,1,buy,Mark 14,4,VELVETFRUIT_EXTRACT,5249,59,5254,22,5251.5,5,81,2.5,5.0,0.0,at_ask,taker_proxy,1.0,5251.0,5251.0,5251.5,5253.0,-0.5,-3.0,-0.5,-3.0,0.0,-2.5,1.5,-1.0,0.8202,0.5903
278300,Mark 55,Mark 14,VELVETFRUIT_EXTRACT,XIRECS,5258.0,5,1,buy,Mark 14,5,VELVETFRUIT_EXTRACT,5253,16,5258,16,5255.5,5,32,2.5,5.0,0.0,at_ask,taker_proxy,1.0,5254.5,5254.5,5255.5,5256.5,-1.0,-3.5,-1.0,-3.5,0.0,-2.5,1.0,-1.5,0.8202,0.0745
279600,Mark 55,Mark 01,VELVETFRUIT_EXTRACT,XIRECS,5260.0,4,1,buy,Mark 01,4,VELVETFRUIT_EXTRACT,5254,59,5260,59,5257.0,6,118,3.0,6.0,0.0,at_ask,taker_proxy,1.0,5258.5,5258.5,5259.5,5261.0,1.5,-1.5,1.5,-1.5,2.5,-0.5,4.0,1.0,1.0,0.9021
282200,Mark 14,Mark 55,VELVETFRUIT_EXTRACT,XIRECS,5260.0,7,1,sell,Mark 14,-7,VELVETFRUIT_EXTRACT,5260,20,5265,56,5262.5,5,76,-2.5,0.0,-5.0,at_bid,taker_proxy,-1.0,5260.0,5260.0,5260.5,5260.0,2.5,-0.0,2.5,-0.0,2.0,-0.5,2.5,-0.0,0.8202,0.4747
283400,Mark 55,Mark 14,VELVETFRUIT_EXTRACT,XIRECS,5259.0,7,1,buy,Mark 14,7,VELVETFRUIT_EXTRACT,5254,48,5259,17,5256.5,5,65,2.5,5.0,0.0,at_ask,taker_proxy,1.0,5256.5,5256.5,5256.5,5260.5,0.0,-2.5,0.0,-2.5,0.0,-2.5,4.0,1.5,0.8202,0.3108
286300,Mark 55,Mark 01,VELVETFRUIT_EXTRACT,XIRECS,5266.0,6,1,buy,Mark 01,6,VELVETFRUIT_EXTRACT,5260,68,5266,68,5263.0,6,136,3.0,6.0,0.0,at_ask,taker_proxy,1.0,5263.5,5263.5,5265.5,5265.5,0.5,-2.5,0.5,-2.5,2.5,-0.5,2.5,-0.5,1.0,0.9764
289100,Mark 55,Mark 14,VELVETFRUIT_EXTRACT,XIRECS,5271.0,5,1,buy,Mark 14,5,VELVETFRUIT_EXTRACT,5266,17,5271,17,5268.5,5,34,2.5,5.0,0.0,at_ask,taker_proxy,1.0,5265.5,5265.5,5267.0,5268.0,-3.0,-5.5,-3.0,-5.5,-1.5,-4.0,-0.5,-3.0,0.8202,0.1006
291400,Mark 55,Mark 49,VELVETFRUIT_EXTRACT,XIRECS,5274.0,5,1,buy,Mark 49,5,VELVETFRUIT_EXTRACT,5272,18,5274,10,5273.0,2,28,1.0,2.0,0.0,at_ask,taker_proxy,1.0,5274.5,5274.5,5271.5,5271.5,1.5,0.5,1.5,0.5,-1.5,-2.5,-1.5,-2.5,0.0411,0.0197
292400,Mark 55,Mark 01,VELVETFRUIT_EXTRACT,XIRECS,5275.0,8,1,buy,Mark 01,8,VELVETFRUIT_EXTRACT,5269,54,5275,54,5272.0,6,108,3.0,6.0,0.0,at_ask,taker_proxy,1.0,5271.5,5271.5,5272.5,5272.5,-0.5,-3.5,-0.5,-3.5,0.5,-2.5,0.5,-2.5,1.0,0.8618
296900,Mark 01,Mark 55,VELVETFRUIT_EXTRACT,XIRECS,5270.0,5,1,sell,Mark 01,-5,VELVETFRUIT_EXTRACT,5270,67,5276,67,5273.0,6,134,-3.0,0.0,-6.0,at_bid,taker_proxy,-1.0,5273.5,5273.5,5273.5,5272.5,-0.5,-3.5,-0.5,-3.5,-0.5,-3.5,0.5,-2.5,1.0,0.9683
297400,Mark 55,Mark 14,VELVETFRUIT_EXTRACT,XIRECS,5275.0,4,1,buy,Mark 14,4,VELVETFRUIT_EXTRACT,5270,52,5275,16,5272.5,5,68,2.5,5.0,0.0,at_ask,taker_proxy,1.0,5272.5,5272.5,5272.5,5271.0,0.0,-2.5,0.0,-2.5,0.0,-2.5,-1.5,-4.0,0.8202,0.3459
307500,Mark 55,Mark 01,VELVETFRUIT_EXTRACT,XIRECS,5275.0,8,1,buy,Mark 01,8,VELVETFRUIT_EXTRACT,5270,17,5275,50,5272.5,5,67,2.5,5.0,0.0,at_ask,taker_proxy,1.0,5271.5,5271.5,5270.5,5271.0,-1.0,-3.5,-1.0,-3.5,-2.0,-4.5,-1.5,-4.0,0.8202,0.3321
309500,Mark 55,Mark 01,VELVETFRUIT_EXTRACT,XIRECS,5268.0,4,1,buy,Mark 01,4,VELVETFRUIT_EXTRACT,5263,19,5268,63,5265.5,5,82,2.5,5.0,0.0,at_ask,taker_proxy,1.0,5264.5,5264.5,5266.5,5267.5,-1.0,-3.5,-1.0,-3.5,1.0,-1.5,2.0,-0.5,0.8202,0.6118
310600,Mark 14,Mark 55,VELVETFRUIT_EXTRACT,XIRECS,5264.0,3,1,sell,Mark 14,-3,VELVETFRUIT_EXTRACT,5264,16,5269,16,5266.5,5,32,-2.5,0.0,-5.0,at_bid,taker_proxy,-1.0,5265.5,5265.5,5266.5,5264.5,1.0,-1.5,1.0,-1.5,-0.0,-2.5,2.0,-0.5,0.8202,0.0745
313000,Mark 55,Mark 01,VELVETFRUIT_EXTRACT,XIRECS,5267.0,5,1,buy,Mark 01,5,VELVETFRUIT_EXTRACT,5262,17,5267,63,5264.5,5,80,2.5,5.0,0.0,at_ask,taker_proxy,1.0,5262.5,5262.5,5262.5,5261.5,-2.0,-4.5,-2.0,-4.5,-2.0,-4.5,-3.0,-5.5,0.8202,0.5676
314500,Mark 14,Mark 55,VELVETFRUIT_EXTRACT,XIRECS,5251.0,4,1,sell,Mark 14,-4,VELVETFRUIT_EXTRACT,5251,24,5256,54,5253.5,5,78,-2.5,0.0,-5.0,at_bid,taker_proxy,-1.0,5252.5,5252.5,5252.5,5250.5,1.0,-1.5,1.0,-1.5,1.0,-1.5,3.0,0.5,0.8202,0.521
318900,Mark 55,Mark 14,VELVETFRUIT_EXTRACT,XIRECS,5250.0,4,1,buy,Mark 14,4,VELVETFRUIT_EXTRACT,5245,55,5250,23,5247.5,5,78,2.5,5.0,0.0,at_ask,taker_proxy,1.0,5247.5,5247.5,5245.5,5248.5,0.0,-2.5,0.0,-2.5,-2.0,-4.5,1.0,-1.5,0.8202,0.521
321900,Mark 55,Mark 14,VELVETFRUIT_EXTRACT,XIRECS,5253.0,7,1,buy,Mark 14,7,VELVETFRUIT_EXTRACT,5248,62,5253,20,5250.5,5,82,2.5,5.0,0.0,at_ask,taker_proxy,1.0,5252.5,5252.5,5253.5,5253.5,2.0,-0.5,2.0,-0.5,3.0,0.5,3.0,0.5,0.8202,0.6118
324100,Mark 55,Mark 14,VELVETFRUIT_EXTRACT,XIRECS,5254.0,7,1,buy,Mark 14,7,VELVETFRUIT_EXTRACT,5249,15,5254,15,5251.5,5,30,2.5,5.0,0.0,at_ask,taker_proxy,1.0,5251.5,5251.5,5251.5,5249.5,0.0,-2.5,0.0,-2.5,0.0,-2.5,-2.0,-4.5,0.8202,0.0459
328500,Mark 14,Mark 55,VELVETFRUIT_EXTRACT,XIRECS,5249.0,4,1,sell,Mark 14,-4,VELVETFRUIT_EXTRACT,5249,22,5254,64,5251.5,5,86,-2.5,0.0,-5.0,at_bid,taker_proxy,-1.0,5250.5,5250.5,5251.5,5249.5,1.0,-1.5,1.0,-1.5,-0.0,-2.5,2.0,-0.5,0.8202,0.6942
333100,Mark 01,Mark 55,VELVETFRUIT_EXTRACT,XIRECS,5236.0,4,1,sell,Mark 01,-4,VELVETFRUIT_EXTRACT,5236,57,5241,21,5238.5,5,78,-2.5,0.0,-5.0,at_bid,taker_proxy,-1.0,5239.5,5239.5,5240.5,5244.5,-1.0,-3.5,-1.0,-3.5,-2.0,-4.5,-6.0,-8.5,0.8202,0.521
335300,Mark 01,Mark 55,VELVETFRUIT_EXTRACT,XIRECS,5245.0,3,1,sell,Mark 01,-3,VELVETFRUIT_EXTRACT,5245,70,5250,25,5247.5,5,95,-2.5,0.0,-5.0,at_bid,taker_proxy,-1.0,5250.0,5250.0,5246.0,5248.5,-2.5,-5.0,-2.5,-5.0,1.5,-1.0,-1.0,-3.5,0.8202,0.8065
342000,Mark 14,Mark 55,VELVETFRUIT_EXTRACT,XIRECS,5249.0,6,1,sell,Mark 14,-6,VELVETFRUIT_EXTRACT,5249,21,5254,56,5251.5,5,77,-2.5,0.0,-5.0,at_bid,taker_proxy,-1.0,5251.5,5251.5,5251.5,5249.5,-0.0,-2.5,-0.0,-2.5,-0.0,-2.5,2.0,-0.5,0.8202,0.4983
344200,Mark 55,Mark 01,VELVETFRUIT_EXTRACT,XIRECS,5253.0,4,1,buy,Mark 01,4,VELVETFRUIT_EXTRACT,5248,22,5253,58,5250.5,5,80,2.5,5.0,0.0,at_ask,taker_proxy,1.0,5248.5,5248.5,5247.0,5247.5,-2.0,-4.5,-2.0,-4.5,-3.5,-6.0,-3.0,-5.5,0.8202,0.5676
345700,Mark 14,Mark 55,VELVETFRUIT_EXTRACT,XIRECS,5245.0,7,1,sell,Mark 14,-7,VELVETFRUIT_EXTRACT,5245,22,5250,67,5247.5,5,89,-2.5,0.0,-5.0,at_bid,taker_proxy,-1.0,5246.5,5246.5,5246.5,5246.5,1.0,-1.5,1.0,-1.5,1.0,-1.5,1.0,-1.5,0.8202,0.7418
358100,Mark 14,Mark 55,VELVETFRUIT_EXTRACT,XIRECS,5245.0,6,1,sell,Mark 14,-6,VELVETFRUIT_EXTRACT,5245,25,5250,64,5247.5,5,89,-2.5,0.0,-5.0,at_bid,taker_proxy,-1.0,5247.5,5247.5,5247.5,5247.5,-0.0,-2.5,-0.0,-2.5,-0.0,-2.5,-0.0,-2.5,0.8202,0.7418
364900,Mark 14,Mark 55,VELVETFRUIT_EXTRACT,XIRECS,5251.0,7,1,sell,Mark 14,-7,VELVETFRUIT_EXTRACT,5251,22,5256,58,5253.5,5,80,-2.5,0.0,-5.0,at_bid,taker_proxy,-1.0,5252.5,5252.5,5252.5,5253.5,1.0,-1.5,1.0,-1.5,1.0,-1.5,-0.0,-2.5,0.8202,0.5676
365600,Mark 14,Mark 55,VELVETFRUIT_EXTRACT,XIRECS,5250.0,8,1,sell,Mark 14,-8,VELVETFRUIT_EXTRACT,5250,23,5255,55,5252.5,5,78,-2.5,0.0,-5.0,at_bid,taker_proxy,-1.0,5251.5,5251.5,5252.5,5249.0,1.0,-1.5,1.0,-1.5,-0.0,-2.5,3.5,1.0,0.8202,0.521
374100,Mark 14,Mark 55,VELVETFRUIT_EXTRACT,XIRECS,5253.0,6,1,sell,Mark 14,-6,VELVETFRUIT_EXTRACT,5253,21,5258,60,5255.5,5,81,-2.5,0.0,-5.0,at_bid,taker_proxy,-1.0,5255.5,5255.5,5254.5,5254.0,-0.0,-2.5,-0.0,-2.5,1.0,-1.5,1.5,-1.0,0.8202,0.5903
374400,Mark 14,Mark 55,VELVETFRUIT_EXTRACT,XIRECS,5253.0,4,1,sell,Mark 14,-4,VELVETFRUIT_EXTRACT,5253,16,5258,16,5255.5,5,32,-2.5,0.0,-5.0,at_bid,taker_proxy,-1.0,5254.0,5254.0,5254.0,5251.5,1.5,-1.0,1.5,-1.0,1.5,-1.0,4.0,1.5,0.8202,0.0745
380900,Mark 01,Mark 55,VELVETFRUIT_EXTRACT,XIRECS,5250.0,8,1,sell,Mark 01,-8,VELVETFRUIT_EXTRACT,5250,52,5256,52,5253.0,6,104,-3.0,0.0,-6.0,at_bid,taker_proxy,-1.0,5254.0,5254.0,5253.5,5254.5,-1.0,-4.0,-1.0,-4.0,-0.5,-3.5,-1.5,-4.5,1.0,0.8473
381700,Mark 55,Mark 14,VELVETFRUIT_EXTRACT,XIRECS,5255.0,8,1,buy,Mark 14,8,VELVETFRUIT_EXTRACT,5250,23,5255,23,5252.5,5,46,2.5,5.0,0.0,at_ask,taker_proxy,1.0,5251.5,5251.5,5251.0,5252.5,-1.0,-3.5,-1.0,-3.5,-1.5,-4.0,0.0,-2.5,0.8202,0.2334
383700,Mark 14,Mark 55,VELVETFRUIT_EXTRACT,XIRECS,5246.0,7,1,sell,Mark 14,-7,VELVETFRUIT_EXTRACT,5246,18,5251,54,5248.5,5,72,-2.5,0.0,-5.0,at_bid,taker_proxy,-1.0,5249.5,5249.5,5250.5,5249.5,-1.0,-3.5,-1.0,-3.5,-2.0,-4.5,-1.0,-3.5,0.8202,0.4027
385900,Mark 14,Mark 55,VELVETFRUIT_EXTRACT,XIRECS,5245.0,3,1,sell,Mark 14,-3,VELVETFRUIT_EXTRACT,5245,24,5250,67,5247.5,5,91,-2.5,0.0,-5.0,at_bid,taker_proxy,-1.0,5246.5,5246.5,5245.5,5245.0,1.0,-1.5,1.0,-1.5,2.0,-0.5,2.5,-0.0,0.8202,0.7667
386000,Mark 14,Mark 55,VELVETFRUIT_EXTRACT,XIRECS,5244.0,8,1,sell,Mark 14,-8,VELVETFRUIT_EXTRACT,5244,22,5249,55,5246.5,5,77,-2.5,0.0,-5.0,at_bid,taker_proxy,-1.0,5245.5,5245.5,5246.0,5245.5,1.0,-1.5,1.0,-1.5,0.5,-2.0,1.0,-1.5,0.8202,0.4983
392300,Mark 14,Mark 55,VELVETFRUIT_EXTRACT,XIRECS,5242.0,5,1,sell,Mark 14,-5,VELVETFRUIT_EXTRACT,5242,21,5247,56,5244.5,5,77,-2.5,0.0,-5.0,at_bid,taker_proxy,-1.0,5244.5,5244.5,5243.5,5243.5,-0.0,-2.5,-0.0,-2.5,1.0,-1.5,1.0,-1.5,0.8202,0.4983
393000,Mark 01,Mark 55,VELVETFRUIT_EXTRACT,XIRECS,5242.0,4,1,sell,Mark 01,-4,VELVETFRUIT_EXTRACT,5242,61,5247,23,5244.5,5,84,-2.5,0.0,-5.0,at_bid,taker_proxy,-1.0,5244.0,5244.0,5244.5,5244.0,0.5,-2.0,0.5,-2.0,-0.0,-2.5,0.5,-2.0,0.8202,0.6546
393900,Mark 01,Mark 55,VELVETFRUIT_EXTRACT,XIRECS,5241.0,6,1,sell,Mark 01,-6,VELVETFRUIT_EXTRACT,5241,60,5243,10,5242.0,2,70,-1.0,0.0,-2.0,at_bid,taker_proxy,-1.0,5242.5,5242.5,5241.5,5239.0,-0.5,-1.5,-0.5,-1.5,0.5,-0.5,3.0,2.0,0.0411,0.3732
394700,Mark 14,Mark 55,VELVETFRUIT_EXTRACT,XIRECS,5237.0,8,1,sell,Mark 14,-8,VELVETFRUIT_EXTRACT,5237,18,5242,57,5239.5,5,75,-2.5,0.0,-5.0,at_bid,taker_proxy,-1.0,5240.5,5240.5,5240.5,5239.5,-1.0,-3.5,-1.0,-3.5,-1.0,-3.5,-0.0,-2.5,0.8202,0.456
396000,Mark 55,Mark 01,VELVETFRUIT_EXTRACT,XIRECS,5246.0,8,1,buy,Mark 01,8,VELVETFRUIT_EXTRACT,5241,16,5246,65,5243.5,5,81,2.5,5.0,0.0,at_ask,taker_proxy,1.0,5243.5,5243.5,5242.5,5241.5,0.0,-2.5,0.0,-2.5,-1.0,-3.5,-2.0,-4.5,0.8202,0.5903
396200,Mark 01,Mark 55,VELVETFRUIT_EXTRACT,XIRECS,5240.0,7,1,sell,Mark 01,-7,VELVETFRUIT_EXTRACT,5240,62,5245,15,5242.5,5,77,-2.5,0.0,-5.0,at_bid,taker_proxy,-1.0,5242.5,5242.5,5241.5,5242.5,-0.0,-2.5,-0.0,-2.5,1.0,-1.5,-0.0,-2.5,0.8202,0.4983
398400,Mark 14,Mark 55,VELVETFRUIT_EXTRACT,XIRECS,5235.0,6,1,sell,Mark 14,-6,VELVETFRUIT_EXTRACT,5235,25,5240,25,5237.5,5,50,-2.5,0.0,-5.0,at_bid,taker_proxy,-1.0,5238.5,5238.5,5238.5,5238.5,-1.0,-3.5,-1.0,-3.5,-1.0,-3.5,-1.0,-3.5,0.8202,0.275
400100,Mark 14,Mark 55,VELVETFRUIT_EXTRACT,XIRECS,5240.0,8,1,sell,Mark 14,-8,VELVETFRUIT_EXTRACT,5240,15,5245,60,5242.5,5,75,-2.5,0.0,-5.0,at_bid,taker_proxy,-1.0,5241.5,5241.5,5243.5,5243.5,1.0,-1.5,1.0,-1.5,-1.0,-3.5,-1.0,-3.5,0.8202,0.456
401900,Mark 01,Mark 55,VELVETFRUIT_EXTRACT,XIRECS,5242.0,8,1,sell,Mark 01,-8,VELVETFRUIT_EXTRACT,5242,64,5247,17,5244.5,5,81,-2.5,0.0,-5.0,at_bid,taker_proxy,-1.0,5243.5,5243.5,5243.5,5242.5,1.0,-1.5,1.0,-1.5,1.0,-1.5,2.0,-0.5,0.8202,0.5903
402400,Mark 14,Mark 55,VELVETFRUIT_EXTRACT,XIRECS,5240.0,6,1,sell,Mark 14,-6,VELVETFRUIT_EXTRACT,5240,22,5245,58,5242.5,5,80,-2.5,0.0,-5.0,at_bid,taker_proxy,-1.0,5241.5,5241.5,5241.5,5244.0,1.0,-1.5,1.0,-1.5,1.0,-1.5,-1.5,-4.0,0.8202,0.5676
403500,Mark 01,Mark 55,VELVETFRUIT_EXTRACT,XIRECS,5239.0,8,1,sell,Mark 01,-8,VELVETFRUIT_EXTRACT,5239,71,5244,22,5241.5,5,93,-2.5,0.0,-5.0,at_bid,taker_proxy,-1.0,5242.5,5242.5,5242.5,5243.0,-1.0,-3.5,-1.0,-3.5,-1.0,-3.5,-1.5,-4.0,0.8202,0.7892
404200,Mark 55,Mark 14,VELVETFRUIT_EXTRACT,XIRECS,5247.0,4,1,buy,Mark 14,4,VELVETFRUIT_EXTRACT,5242,55,5247,20,5244.5,5,75,2.5,5.0,0.0,at_ask,taker_proxy,1.0,5243.5,5243.5,5244.0,5243.5,-1.0,-3.5,-1.0,-3.5,-0.5,-3.0,-1.0,-3.5,0.8202,0.456
406400,Mark 55,Mark 14,VELVETFRUIT_EXTRACT,XIRECS,5246.0,5,1,buy,Mark 14,5,VELVETFRUIT_EXTRACT,5241,16,5246,16,5243.5,5,32,2.5,5.0,0.0,at_ask,taker_proxy,1.0,5243.0,5243.0,5243.5,5243.0,-0.5,-3.0,-0.5,-3.0,0.0,-2.5,-0.5,-3.0,0.8202,0.0745
410600,Mark 55,Mark 14,VELVETFRUIT_EXTRACT,XIRECS,5239.0,6,1,buy,Mark 14,6,VELVETFRUIT_EXTRACT,5234,61,5239,18,5236.5,5,79,2.5,5.0,0.0,at_ask,taker_proxy,1.0,5235.0,5235.0,5234.5,5235.0,-1.5,-4.0,-1.5,-4.0,-2.0,-4.5,-1.5,-4.0,0.8202,0.5428
411200,Mark 55,Mark 01,VELVETFRUIT_EXTRACT,XIRECS,5236.0,7,1,buy,Mark 01,7,VELVETFRUIT_EXTRACT,5231,20,5236,60,5233.5,5,80,2.5,5.0,0.0,at_ask,taker_proxy,1.0,5233.5,5233.5,5232.5,5233.5,0.0,-2.5,0.0,-2.5,-1.0,-3.5,0.0,-2.5,0.8202,0.5676
411300,Mark 55,Mark 01,VELVETFRUIT_EXTRACT,XIRECS,5236.0,7,1,buy,Mark 01,7,VELVETFRUIT_EXTRACT,5231,19,5236,60,5233.5,5,79,2.5,5.0,0.0,at_ask,taker_proxy,1.0,5232.5,5232.5,5233.5,5232.5,-1.0,-3.5,-1.0,-3.5,0.0,-2.5,-1.0,-3.5,0.8202,0.5428
415700,Mark 55,Mark 14,VELVETFRUIT_EXTRACT,XIRECS,5234.0,3,1,buy,Mark 14,3,VELVETFRUIT_EXTRACT,5229,16,5234,16,5231.5,5,32,2.5,5.0,0.0,at_ask,taker_proxy,1.0,5232.5,5232.5,5233.5,5233.5,1.0,-1.5,1.0,-1.5,2.0,-0.5,2.0,-0.5,0.8202,0.0745
419900,Mark 55,Mark 01,VELVETFRUIT_EXTRACT,XIRECS,5231.0,6,1,buy,Mark 01,6,VELVETFRUIT_EXTRACT,5226,19,5231,67,5228.5,5,86,2.5,5.0,0.0,at_ask,taker_proxy,1.0,5228.0,5228.0,5226.5,5227.0,-0.5,-3.0,-0.5,-3.0,-2.0,-4.5,-1.5,-4.0,0.8202,0.6942
424500,Mark 55,Mark 14,VELVETFRUIT_EXTRACT,XIRECS,5235.0,7,1,buy,Mark 14,7,VELVETFRUIT_EXTRACT,5230,63,5235,15,5232.5,5,78,2.5,5.0,0.0,at_ask,taker_proxy,1.0,5232.5,5232.5,5233.0,5234.5,0.0,-2.5,0.0,-2.5,0.5,-2.0,2.0,-0.5,0.8202,0.521
426800,Mark 14,Mark 55,VELVETFRUIT_EXTRACT,XIRECS,5232.0,8,1,sell,Mark 14,-8,VELVETFRUIT_EXTRACT,5232,16,5237,52,5234.5,5,68,-2.5,0.0,-5.0,at_bid,taker_proxy,-1.0,5233.5,5233.5,5234.5,5234.5,1.0,-1.5,1.0,-1.5,-0.0,-2.5,-0.0,-2.5,0.8202,0.3459
427600,Mark 55,Mark 14,VELVETFRUIT_EXTRACT,XIRECS,5237.0,8,1,buy,Mark 14,8,VELVETFRUIT_EXTRACT,5232,68,5237,21,5234.5,5,89,2.5,5.0,0.0,at_ask,taker_proxy,1.0,5234.5,5234.5,5232.5,5231.5,0.0,-2.5,0.0,-2.5,-2.0,-4.5,-3.0,-5.5,0.8202,0.7418
430200,Mark 55,Mark 14,VELVETFRUIT_EXTRACT,XIRECS,5230.0,3,1,buy,Mark 14,3,VELVETFRUIT_EXTRACT,5225,65,5230,24,5227.5,5,89,2.5,5.0,0.0,at_ask,taker_proxy,1.0,5227.0,5227.0,5228.5,5227.5,-0.5,-3.0,-0.5,-3.0,1.0,-1.5,0.0,-2.5,0.8202,0.7418
431000,Mark 55,Mark 01,VELVETFRUIT_EXTRACT,XIRECS,5233.0,5,1,buy,Mark 01,5,VELVETFRUIT_EXTRACT,5228,25,5233,75,5230.5,5,100,2.5,5.0,0.0,at_ask,taker_proxy,1.0,5230.5,5230.5,5230.5,5229.0,0.0,-2.5,0.0,-2.5,0.0,-2.5,-1.5,-4.0,0.8202,0.8359
431700,Mark 55,Mark 14,VELVETFRUIT_EXTRACT,XIRECS,5233.0,4,1,buy,Mark 14,4,VELVETFRUIT_EXTRACT,5228,19,5233,19,5230.5,5,38,2.5,5.0,0.0,at_ask,taker_proxy,1.0,5230.5,5230.5,5230.5,5229.5,0.0,-2.5,0.0,-2.5,0.0,-2.5,-1.0,-3.5,0.8202,0.146
432100,Mark 55,Mark 14,VELVETFRUIT_EXTRACT,XIRECS,5234.0,3,1,buy,Mark 14,3,VELVETFRUIT_EXTRACT,5229,56,5234,17,5231.5,5,73,2.5,5.0,0.0,at_ask,taker_proxy,1.0,5229.5,5229.5,5230.5,5229.0,-2.0,-4.5,-2.0,-4.5,-1.0,-3.5,-2.5,-5.0,0.8202,0.4183
435300,Mark 01,Mark 55,VELVETFRUIT_EXTRACT,XIRECS,5225.0,8,1,sell,Mark 01,-8,VELVETFRUIT_EXTRACT,5225,58,5230,22,5227.5,5,80,-2.5,0.0,-5.0,at_bid,taker_proxy,-1.0,5230.5,5230.5,5230.5,5231.5,-3.0,-5.5,-3.0,-5.5,-3.0,-5.5,-4.0,-6.5,0.8202,0.5676
438000,Mark 01,Mark 55,VELVETFRUIT_EXTRACT,XIRECS,5230.0,7,1,sell,Mark 01,-7,VELVETFRUIT_EXTRACT,5230,72,5236,72,5233.0,6,144,-3.0,0.0,-6.0,at_bid,taker_proxy,-1.0,5232.5,5232.5,5236.0,5236.5,0.5,-2.5,0.5,-2.5,-3.0,-6.0,-3.5,-6.5,1.0,0.9955
444300,Mark 01,Mark 55,VELVETFRUIT_EXTRACT,XIRECS,5238.0,7,1,sell,Mark 01,-7,VELVETFRUIT_EXTRACT,5238,65,5243,16,5240.5,5,81,-2.5,0.0,-5.0,at_bid,taker_proxy,-1.0,5242.0,5242.0,5241.5,5241.5,-1.5,-4.0,-1.5,-4.0,-1.0,-3.5,-1.0,-3.5,0.8202,0.5903
445900,Mark 55,Mark 14,VELVETFRUIT_EXTRACT,XIRECS,5249.0,4,1,buy,Mark 14,4,VELVETFRUIT_EXTRACT,5244,17,5249,17,5246.5,5,34,2.5,5.0,0.0,at_ask,taker_proxy,1.0,5247.5,5247.5,5247.5,5248.5,1.0,-1.5,1.0,-1.5,1.0,-1.5,2.0,-0.5,0.8202,0.1006
448100,Mark 55,Mark 01,VELVETFRUIT_EXTRACT,XIRECS,5254.0,3,1,buy,Mark 01,3,VELVETFRUIT_EXTRACT,5249,17,5254,56,5251.5,5,73,2.5,5.0,0.0,at_ask,taker_proxy,1.0,5251.5,5251.5,5251.5,5250.0,0.0,-2.5,0.0,-2.5,0.0,-2.5,-1.5,-4.0,0.8202,0.4183
453500,Mark 01,Mark 55,VELVETFRUIT_EXTRACT,XIRECS,5245.0,8,1,sell,Mark 01,-8,VELVETFRUIT_EXTRACT,5245,64,5251,64,5248.0,6,128,-3.0,0.0,-6.0,at_bid,taker_proxy,-1.0,5249.5,5249.5,5250.5,5251.5,-1.5,-4.5,-1.5,-4.5,-2.5,-5.5,-3.5,-6.5,1.0,0.9467
453600,Mark 55,Mark 01,VELVETFRUIT_EXTRACT,XIRECS,5252.0,4,1,buy,Mark 01,4,VELVETFRUIT_EXTRACT,5247,16,5252,50,5249.5,5,66,2.5,5.0,0.0,at_ask,taker_proxy,1.0,5250.5,5250.5,5249.5,5249.5,1.0,-1.5,1.0,-1.5,0.0,-2.5,0.0,-2.5,0.8202,0.3221
454800,Mark 01,Mark 55,VELVETFRUIT_EXTRACT,XIRECS,5245.0,3,1,sell,Mark 01,-3,VELVETFRUIT_EXTRACT,5245,60,5251,60,5248.0,6,120,-3.0,0.0,-6.0,at_bid,taker_proxy,-1.0,5247.5,5247.5,5246.5,5246.5,0.5,-2.5,0.5,-2.5,1.5,-1.5,1.5,-1.5,1.0,0.9117
455200,Mark 01,Mark 55,VELVETFRUIT_EXTRACT,XIRECS,5244.0,6,1,sell,Mark 01,-6,VELVETFRUIT_EXTRACT,5244,52,5250,52,5247.0,6,104,-3.0,0.0,-6.0,at_bid,taker_proxy,-1.0,5246.5,5246.5,5246.5,5247.5,0.5,-2.5,0.5,-2.5,0.5,-2.5,-0.5,-3.5,1.0,0.8473
458400,Mark 55,Mark 14,VELVETFRUIT_EXTRACT,XIRECS,5248.0,3,1,buy,Mark 14,3,VELVETFRUIT_EXTRACT,5243,46,5248,15,5245.5,5,61,2.5,5.0,0.0,at_ask,taker_proxy,1.0,5244.5,5244.5,5244.5,5246.0,-1.0,-3.5,-1.0,-3.5,-1.0,-3.5,0.5,-2.0,0.8202,0.2844
459900,Mark 55,Mark 01,VELVETFRUIT_EXTRACT,XIRECS,5252.0,8,1,buy,Mark 01,8,VELVETFRUIT_EXTRACT,5247,17,5252,57,5249.5,5,74,2.5,5.0,0.0,at_ask,taker_proxy,1.0,5250.5,5250.5,5249.5,5250.5,1.0,-1.5,1.0,-1.5,0.0,-2.5,1.0,-1.5,0.8202,0.4369
460700,Mark 55,Mark 14,VELVETFRUIT_EXTRACT,XIRECS,5254.0,6,1,buy,Mark 14,6,VELVETFRUIT_EXTRACT,5249,17,5254,17,5251.5,5,34,2.5,5.0,0.0,at_ask,taker_proxy,1.0,5252.5,5252.5,5252.5,5252.0,1.0,-1.5,1.0,-1.5,1.0,-1.5,0.5,-2.0,0.8202,0.1006
462300,Mark 55,Mark 01,VELVETFRUIT_EXTRACT,XIRECS,5259.0,8,1,buy,Mark 01,8,VELVETFRUIT_EXTRACT,5253,68,5259,68,5256.0,6,136,3.0,6.0,0.0,at_ask,taker_proxy,1.0,5256.5,5256.5,5255.5,5256.5,0.5,-2.5,0.5,-2.5,-0.5,-3.5,0.5,-2.5,1.0,0.9764
465300,Mark 55,Mark 14,VELVETFRUIT_EXTRACT,XIRECS,5255.0,8,1,buy,Mark 14,8,VELVETFRUIT_EXTRACT,5250,23,5255,23,5252.5,5,46,2.5,5.0,0.0,at_ask,taker_proxy,1.0,5253.5,5253.5,5254.5,5254.5,1.0,-1.5,1.0,-1.5,2.0,-0.5,2.0,-0.5,0.8202,0.2334
468000,Mark 01,Mark 55,VELVETFRUIT_EXTRACT,XIRECS,5247.0,3,1,sell,Mark 01,-3,VELVETFRUIT_EXTRACT,5247,51,5252,19,5249.5,5,70,-2.5,0.0,-5.0,at_bid,taker_proxy,-1.0,5251.5,5251.5,5251.5,5250.5,-2.0,-4.5,-2.0,-4.5,-2.0,-4.5,-1.0,-3.5,0.8202,0.3732
469300,Mark 01,Mark 55,VELVETFRUIT_EXTRACT,XIRECS,5252.0,6,1,sell,Mark 01,-6,VELVETFRUIT_EXTRACT,5252,63,5257,17,5254.5,5,80,-2.5,0.0,-5.0,at_bid,taker_proxy,-1.0,5254.0,5254.0,5253.5,5252.5,0.5,-2.0,0.5,-2.0,1.0,-1.5,2.0,-0.5,0.8202,0.5676
469600,Mark 14,Mark 55,VELVETFRUIT_EXTRACT,XIRECS,5252.0,7,1,sell,Mark 14,-7,VELVETFRUIT_EXTRACT,5252,18,5257,18,5254.5,5,36,-2.5,0.0,-5.0,at_bid,taker_proxy,-1.0,5252.5,5252.5,5252.5,5254.5,2.0,-0.5,2.0,-0.5,2.0,-0.5,-0.0,-2.5,0.8202,0.1232
470400,Mark 55,Mark 14,VELVETFRUIT_EXTRACT,XIRECS,5257.0,4,1,buy,Mark 14,4,VELVETFRUIT_EXTRACT,5252,55,5257,22,5254.5,5,77,2.5,5.0,0.0,at_ask,taker_proxy,1.0,5255.5,5255.5,5254.5,5250.5,1.0,-1.5,1.0,-1.5,0.0,-2.5,-4.0,-6.5,0.8202,0.4983
472600,Mark 14,Mark 55,VELVETFRUIT_EXTRACT,XIRECS,5249.0,3,1,sell,Mark 14,-3,VELVETFRUIT_EXTRACT,5249,23,5254,65,5251.5,5,88,-2.5,0.0,-5.0,at_bid,taker_proxy,-1.0,5252.5,5252.5,5253.5,5251.5,-1.0,-3.5,-1.0,-3.5,-2.0,-4.5,-0.0,-2.5,0.8202,0.7278
475400,Mark 55,Mark 49,VELVETFRUIT_EXTRACT,XIRECS,5254.0,7,1,buy,Mark 49,7,VELVETFRUIT_EXTRACT,5252,66,5254,15,5253.0,2,81,1.0,2.0,0.0,at_ask,taker_proxy,1.0,5254.5,5254.5,5254.5,5256.5,1.5,0.5,1.5,0.5,1.5,0.5,3.5,2.5,0.0411,0.5903
477900,Mark 55,Mark 01,VELVETFRUIT_EXTRACT,XIRECS,5258.0,5,1,buy,Mark 01,5,VELVETFRUIT_EXTRACT,5252,51,5258,51,5255.0,6,102,3.0,6.0,0.0,at_ask,taker_proxy,1.0,5255.5,5255.5,5254.5,5252.5,0.5,-2.5,0.5,-2.5,-0.5,-3.5,-2.5,-5.5,1.0,0.8414
478900,Mark 14,Mark 55,VELVETFRUIT_EXTRACT,XIRECS,5250.0,4,1,sell,Mark 14,-4,VELVETFRUIT_EXTRACT,5250,25,5255,62,5252.5,5,87,-2.5,0.0,-5.0,at_bid,taker_proxy,-1.0,5252.5,5252.5,5250.5,5249.5,-0.0,-2.5,-0.0,-2.5,2.0,-0.5,3.0,0.5,0.8202,0.7115
483100,Mark 55,Mark 14,VELVETFRUIT_EXTRACT,XIRECS,5245.0,8,1,buy,Mark 14,8,VELVETFRUIT_EXTRACT,5240,64,5245,18,5242.5,5,82,2.5,5.0,0.0,at_ask,taker_proxy,1.0,5241.5,5241.5,5240.5,5238.5,-1.0,-3.5,-1.0,-3.5,-2.0,-4.5,-4.0,-6.5,0.8202,0.6118
483800,Mark 01,Mark 55,VELVETFRUIT_EXTRACT,XIRECS,5238.0,7,1,sell,Mark 01,-7,VELVETFRUIT_EXTRACT,5238,63,5244,63,5241.0,6,126,-3.0,0.0,-6.0,at_bid,taker_proxy,-1.0,5242.5,5242.5,5242.5,5243.5,-1.5,-4.5,-1.5,-4.5,-1.5,-4.5,-2.5,-5.5,1.0,0.9374
486400,Mark 01,Mark 55,VELVETFRUIT_EXTRACT,XIRECS,5239.0,7,1,sell,Mark 01,-7,VELVETFRUIT_EXTRACT,5239,65,5245,65,5242.0,6,130,-3.0,0.0,-6.0,at_bid,taker_proxy,-1.0,5241.5,5241.5,5240.5,5239.0,0.5,-2.5,0.5,-2.5,1.5,-1.5,3.0,-0.0,1.0,0.9544
489700,Mark 14,Mark 55,VELVETFRUIT_EXTRACT,XIRECS,5237.0,6,1,sell,Mark 14,-6,VELVETFRUIT_EXTRACT,5237,16,5242,16,5239.5,5,32,-2.5,0.0,-5.0,at_bid,taker_proxy,-1.0,5241.5,5241.5,5244.5,5241.0,-2.0,-4.5,-2.0,-4.5,-5.0,-7.5,-1.5,-4.0,0.8202,0.0745
490900,Mark 55,Mark 14,VELVETFRUIT_EXTRACT,XIRECS,5246.0,5,1,buy,Mark 14,5,VELVETFRUIT_EXTRACT,5241,25,5246,25,5243.5,5,50,2.5,5.0,0.0,at_ask,taker_proxy,1.0,5243.5,5243.5,5243.5,5244.5,0.0,-2.5,0.0,-2.5,0.0,-2.5,1.0,-1.5,0.8202,0.275
492100,Mark 14,Mark 55,VELVETFRUIT_EXTRACT,XIRECS,5241.0,5,1,sell,Mark 14,-5,VELVETFRUIT_EXTRACT,5241,16,5246,66,5243.5,5,82,-2.5,0.0,-5.0,at_bid,taker_proxy,-1.0,5244.5,5244.5,5244.5,5244.0,-1.0,-3.5,-1.0,-3.5,-1.0,-3.5,-0.5,-3.0,0.8202,0.6118
493900,Mark 01,Mark 55,VELVETFRUIT_EXTRACT,XIRECS,5237.0,3,1,sell,Mark 01,-3,VELVETFRUIT_EXTRACT,5237,55,5242,16,5239.5,5,71,-2.5,0.0,-5.0,at_bid,taker_proxy,-1.0,5239.5,5239.5,5240.5,5239.5,-0.0,-2.5,-0.0,-2.5,-1.0,-3.5,-0.0,-2.5,0.8202,0.3867
496200,Mark 14,Mark 55,VELVETFRUIT_EXTRACT,XIRECS,5239.0,5,1,sell,Mark 14,-5,VELVETFRUIT_EXTRACT,5239,16,5244,16,5241.5,5,32,-2.5,0.0,-5.0,at_bid,taker_proxy,-1.0,5240.5,5240.5,5239.5,5240.0,1.0,-1.5,1.0,-1.5,2.0,-0.5,1.5,-1.0,0.8202,0.0745
498400,Mark 14,Mark 55,VELVETFRUIT_EXTRACT,XIRECS,5238.0,7,1,sell,Mark 14,-7,VELVETFRUIT_EXTRACT,5238,23,5243,23,5240.5,5,46,-2.5,0.0,-5.0,at_bid,taker_proxy,-1.0,5241.5,5241.5,5239.0,5242.5,-1.0,-3.5,-1.0,-3.5,1.5,-1.0,-2.0,-4.5,0.8202,0.2334
505300,Mark 55,Mark 22,VELVETFRUIT_EXTRACT,XIRECS,5256.0,3,1,buy,Mark 22,3,VELVETFRUIT_EXTRACT,5253,55,5256,9,5254.5,3,64,1.5,3.0,0.0,at_ask,taker_proxy,1.0,5257.5,5257.5,5257.5,5257.5,3.0,1.5,3.0,1.5,3.0,1.5,3.0,1.5,0.0732,0.3036
506200,Mark 14,Mark 55,VELVETFRUIT_EXTRACT,XIRECS,5254.0,5,1,sell,Mark 14,-5,VELVETFRUIT_EXTRACT,5254,18,5259,18,5256.5,5,36,-2.5,0.0,-5.0,at_bid,taker_proxy,-1.0,5255.5,5255.5,5256.0,5258.5,1.0,-1.5,1.0,-1.5,0.5,-2.0,-2.0,-4.5,0.8202,0.1232
514500,Mark 14,Mark 55,VELVETFRUIT_EXTRACT,XIRECS,5265.0,6,1,sell,Mark 14,-6,VELVETFRUIT_EXTRACT,5265,23,5270,61,5267.5,5,84,-2.5,0.0,-5.0,at_bid,taker_proxy,-1.0,5267.5,5267.5,5268.5,5268.5,-0.0,-2.5,-0.0,-2.5,-1.0,-3.5,-1.0,-3.5,0.8202,0.6546
516800,Mark 14,Mark 55,VELVETFRUIT_EXTRACT,XIRECS,5261.0,5,1,sell,Mark 14,-5,VELVETFRUIT_EXTRACT,5261,15,5266,15,5263.5,5,30,-2.5,0.0,-5.0,at_bid,taker_proxy,-1.0,5262.5,5262.5,5263.5,5263.5,1.0,-1.5,1.0,-1.5,-0.0,-2.5,-0.0,-2.5,0.8202,0.0459
520500,Mark 01,Mark 55,VELVETFRUIT_EXTRACT,XIRECS,5256.0,4,1,sell,Mark 01,-4,VELVETFRUIT_EXTRACT,5256,70,5261,22,5258.5,5,92,-2.5,0.0,-5.0,at_bid,taker_proxy,-1.0,5260.5,5260.5,5261.5,5259.5,-2.0,-4.5,-2.0,-4.5,-3.0,-5.5,-1.0,-3.5,0.8202,0.7794
521800,Mark 55,Mark 14,VELVETFRUIT_EXTRACT,XIRECS,5265.0,3,1,buy,Mark 14,3,VELVETFRUIT_EXTRACT,5260,17,5265,17,5262.5,5,34,2.5,5.0,0.0,at_ask,taker_proxy,1.0,5262.5,5262.5,5262.0,5260.5,0.0,-2.5,0.0,-2.5,-0.5,-3.0,-2.0,-4.5,0.8202,0.1006
523300,Mark 55,Mark 01,VELVETFRUIT_EXTRACT,XIRECS,5262.0,3,1,buy,Mark 01,3,VELVETFRUIT_EXTRACT,5256,65,5262,65,5259.0,6,130,3.0,6.0,0.0,at_ask,taker_proxy,1.0,5258.0,5258.0,5258.0,5260.5,-1.0,-4.0,-1.0,-4.0,-1.0,-4.0,1.5,-1.5,1.0,0.9544
526200,Mark 01,Mark 55,VELVETFRUIT_EXTRACT,XIRECS,5250.0,8,1,sell,Mark 01,-8,VELVETFRUIT_EXTRACT,5250,58,5255,19,5252.5,5,77,-2.5,0.0,-5.0,at_bid,taker_proxy,-1.0,5253.5,5253.5,5253.5,5253.5,-1.0,-3.5,-1.0,-3.5,-1.0,-3.5,-1.0,-3.5,0.8202,0.4983
527700,Mark 55,Mark 14,VELVETFRUIT_EXTRACT,XIRECS,5255.0,6,1,buy,Mark 14,6,VELVETFRUIT_EXTRACT,5250,20,5255,20,5252.5,5,40,2.5,5.0,0.0,at_ask,taker_proxy,1.0,5251.5,5251.5,5252.5,5252.5,-1.0,-3.5,-1.0,-3.5,0.0,-2.5,0.0,-2.5,0.8202,0.1672
528600,Mark 55,Mark 14,VELVETFRUIT_EXTRACT,XIRECS,5254.0,4,1,buy,Mark 14,4,VELVETFRUIT_EXTRACT,5249,64,5254,20,5251.5,5,84,2.5,5.0,0.0,at_ask,taker_proxy,1.0,5252.5,5252.5,5253.5,5253.5,1.0,-1.5,1.0,-1.5,2.0,-0.5,2.0,-0.5,0.8202,0.6546
529400,Mark 55,Mark 14,VELVETFRUIT_EXTRACT,XIRECS,5256.0,4,1,buy,Mark 14,4,VELVETFRUIT_EXTRACT,5251,19,5256,19,5253.5,5,38,2.5,5.0,0.0,at_ask,taker_proxy,1.0,5253.5,5253.5,5253.5,5251.5,0.0,-2.5,0.0,-2.5,0.0,-2.5,-2.0,-4.5,0.8202,0.146
530000,Mark 01,Mark 55,VELVETFRUIT_EXTRACT,XIRECS,5249.0,6,1,sell,Mark 01,-6,VELVETFRUIT_EXTRACT,5249,61,5251,10,5250.0,2,71,-1.0,0.0,-2.0,at_bid,taker_proxy,-1.0,5253.0,5253.0,5253.5,5251.5,-3.0,-4.0,-3.0,-4.0,-3.5,-4.5,-1.5,-2.5,0.0411,0.3867
534100,Mark 14,Mark 55,VELVETFRUIT_EXTRACT,XIRECS,5244.0,3,1,sell,Mark 14,-3,VELVETFRUIT_EXTRACT,5244,25,5249,25,5246.5,5,50,-2.5,0.0,-5.0,at_bid,taker_proxy,-1.0,5246.0,5246.0,5245.0,5245.5,0.5,-2.0,0.5,-2.0,1.5,-1.0,1.0,-1.5,0.8202,0.275
537500,Mark 55,Mark 01,VELVETFRUIT_EXTRACT,XIRECS,5241.0,4,1,buy,Mark 01,4,VELVETFRUIT_EXTRACT,5236,22,5241,67,5238.5,5,89,2.5,5.0,0.0,at_ask,taker_proxy,1.0,5237.5,5237.5,5237.5,5239.5,-1.0,-3.5,-1.0,-3.5,-1.0,-3.5,1.0,-1.5,0.8202,0.7418
537900,Mark 22,Mark 55,VELVETFRUIT_EXTRACT,XIRECS,5239.0,6,1,sell,Mark 22,-6,VELVETFRUIT_EXTRACT,5239,7,5242,59,5240.5,3,66,-1.5,0.0,-3.0,at_bid,taker_proxy,-1.0,5239.5,5239.5,5238.0,5236.5,1.0,-0.5,1.0,-0.5,2.5,1.0,4.0,2.5,0.0732,0.3221
540700,Mark 14,Mark 55,VELVETFRUIT_EXTRACT,XIRECS,5238.0,7,1,sell,Mark 14,-7,VELVETFRUIT_EXTRACT,5238,19,5243,19,5240.5,5,38,-2.5,0.0,-5.0,at_bid,taker_proxy,-1.0,5240.5,5240.5,5238.5,5238.5,-0.0,-2.5,-0.0,-2.5,2.0,-0.5,2.0,-0.5,0.8202,0.146
544300,Mark 14,Mark 55,VELVETFRUIT_EXTRACT,XIRECS,5236.0,4,1,sell,Mark 14,-4,VELVETFRUIT_EXTRACT,5236,24,5241,60,5238.5,5,84,-2.5,0.0,-5.0,at_bid,taker_proxy,-1.0,5237.5,5237.5,5236.0,5237.5,1.0,-1.5,1.0,-1.5,2.5,-0.0,1.0,-1.5,0.8202,0.6546
544400,Mark 55,Mark 01,VELVETFRUIT_EXTRACT,XIRECS,5240.0,6,1,buy,Mark 01,6,VELVETFRUIT_EXTRACT,5235,15,5240,57,5237.5,5,72,2.5,5.0,0.0,at_ask,taker_proxy,1.0,5236.0,5236.0,5236.0,5238.0,-1.5,-4.0,-1.5,-4.0,-1.5,-4.0,0.5,-2.0,0.8202,0.4027
545000,Mark 14,Mark 55,VELVETFRUIT_EXTRACT,XIRECS,5235.0,4,1,sell,Mark 14,-4,VELVETFRUIT_EXTRACT,5235,19,5240,19,5237.5,5,38,-2.5,0.0,-5.0,at_bid,taker_proxy,-1.0,5238.5,5238.5,5238.0,5238.5,-1.0,-3.5,-1.0,-3.5,-0.5,-3.0,-1.0,-3.5,0.8202,0.146
547800,Mark 14,Mark 55,VELVETFRUIT_EXTRACT,XIRECS,5232.0,3,1,sell,Mark 14,-3,VELVETFRUIT_EXTRACT,5232,18,5237,18,5234.5,5,36,-2.5,0.0,-5.0,at_bid,taker_proxy,-1.0,5235.5,5235.5,5234.5,5233.5,-1.0,-3.5,-1.0,-3.5,-0.0,-2.5,1.0,-1.5,0.8202,0.1232
549800,Mark 55,Mark 01,VELVETFRUIT_EXTRACT,XIRECS,5236.0,5,1,buy,Mark 01,5,VELVETFRUIT_EXTRACT,5231,16,5236,56,5233.5,5,72,2.5,5.0,0.0,at_ask,taker_proxy,1.0,5234.0,5234.0,5234.0,5232.0,0.5,-2.0,0.5,-2.0,0.5,-2.0,-1.5,-4.0,0.8202,0.4027
556400,Mark 55,Mark 01,VELVETFRUIT_EXTRACT,XIRECS,5228.0,8,1,buy,Mark 01,8,VELVETFRUIT_EXTRACT,5223,22,5228,62,5225.5,5,84,2.5,5.0,0.0,at_ask,taker_proxy,1.0,5226.0,5226.0,5225.5,5229.0,0.5,-2.0,0.5,-2.0,0.0,-2.5,3.5,1.0,0.8202,0.6546
557200,Mark 14,Mark 55,VELVETFRUIT_EXTRACT,XIRECS,5225.0,4,1,sell,Mark 14,-4,VELVETFRUIT_EXTRACT,5225,23,5230,23,5227.5,5,46,-2.5,0.0,-5.0,at_bid,taker_proxy,-1.0,5227.5,5227.5,5228.5,5224.5,-0.0,-2.5,-0.0,-2.5,-1.0,-3.5,3.0,0.5,0.8202,0.2334
563500,Mark 01,Mark 55,VELVETFRUIT_EXTRACT,XIRECS,5226.0,8,1,sell,Mark 01,-8,VELVETFRUIT_EXTRACT,5226,53,5231,23,5228.5,5,76,-2.5,0.0,-5.0,at_bid,taker_proxy,-1.0,5228.5,5228.5,5230.0,5230.5,-0.0,-2.5,-0.0,-2.5,-1.5,-4.0,-2.0,-4.5,0.8202,0.4747
564900,Mark 55,Mark 01,VELVETFRUIT_EXTRACT,XIRECS,5236.0,6,1,buy,Mark 01,6,VELVETFRUIT_EXTRACT,5230,62,5236,62,5233.0,6,124,3.0,6.0,0.0,at_ask,taker_proxy,1.0,5233.5,5233.5,5233.0,5235.5,0.5,-2.5,0.5,-2.5,0.0,-3.0,2.5,-0.5,1.0,0.9291
565500,Mark 55,Mark 01,VELVETFRUIT_EXTRACT,XIRECS,5239.0,7,1,buy,Mark 01,7,VELVETFRUIT_EXTRACT,5234,15,5239,45,5236.5,5,60,2.5,5.0,0.0,at_ask,taker_proxy,1.0,5236.0,5236.0,5235.0,5234.5,-0.5,-3.0,-0.5,-3.0,-1.5,-4.0,-2.0,-4.5,0.8202,0.2815
568200,Mark 55,Mark 14,VELVETFRUIT_EXTRACT,XIRECS,5237.0,7,1,buy,Mark 14,7,VELVETFRUIT_EXTRACT,5232,66,5237,24,5234.5,5,90,2.5,5.0,0.0,at_ask,taker_proxy,1.0,5235.5,5235.5,5236.5,5238.5,1.0,-1.5,1.0,-1.5,2.0,-0.5,4.0,1.5,0.8202,0.7543
571600,Mark 01,Mark 55,VELVETFRUIT_EXTRACT,XIRECS,5235.0,7,1,sell,Mark 01,-7,VELVETFRUIT_EXTRACT,5235,52,5241,52,5238.0,6,104,-3.0,0.0,-6.0,at_bid,taker_proxy,-1.0,5238.5,5238.5,5237.0,5238.5,-0.5,-3.5,-0.5,-3.5,1.0,-2.0,-0.5,-3.5,1.0,0.8473
574000,Mark 55,Mark 01,VELVETFRUIT_EXTRACT,XIRECS,5238.0,3,1,buy,Mark 01,3,VELVETFRUIT_EXTRACT,5232,50,5238,50,5235.0,6,100,3.0,6.0,0.0,at_ask,taker_proxy,1.0,5235.5,5235.5,5235.5,5233.5,0.5,-2.5,0.5,-2.5,0.5,-2.5,-1.5,-4.5,1.0,0.8359
576400,Mark 01,Mark 55,VELVETFRUIT_EXTRACT,XIRECS,5233.0,3,1,sell,Mark 01,-3,VELVETFRUIT_EXTRACT,5233,49,5238,16,5235.5,5,65,-2.5,0.0,-5.0,at_bid,taker_proxy,-1.0,5235.0,5235.0,5236.5,5234.5,0.5,-2.0,0.5,-2.0,-1.0,-3.5,1.0,-1.5,0.8202,0.3108
581100,Mark 55,Mark 14,VELVETFRUIT_EXTRACT,XIRECS,5240.0,7,1,buy,Mark 14,7,VELVETFRUIT_EXTRACT,5235,18,5240,18,5237.5,5,36,2.5,5.0,0.0,at_ask,taker_proxy,1.0,5237.5,5237.5,5236.0,5233.5,0.0,-2.5,0.0,-2.5,-1.5,-4.0,-4.0,-6.5,0.8202,0.1232
581700,Mark 55,Mark 01,VELVETFRUIT_EXTRACT,XIRECS,5237.0,3,1,buy,Mark 01,3,VELVETFRUIT_EXTRACT,5231,64,5237,64,5234.0,6,128,3.0,6.0,0.0,at_ask,taker_proxy,1.0,5235.5,5235.5,5238.0,5238.0,1.5,-1.5,1.5,-1.5,4.0,1.0,4.0,1.0,1.0,0.9467
584800,Mark 14,Mark 55,VELVETFRUIT_EXTRACT,XIRECS,5234.0,7,1,sell,Mark 14,-7,VELVETFRUIT_EXTRACT,5234,22,5239,22,5236.5,5,44,-2.5,0.0,-5.0,at_bid,taker_proxy,-1.0,5236.5,5236.5,5237.5,5239.5,-0.0,-2.5,-0.0,-2.5,-1.0,-3.5,-3.0,-5.5,0.8202,0.2107
584900,Mark 01,Mark 55,VELVETFRUIT_EXTRACT,XIRECS,5234.0,7,1,sell,Mark 01,-7,VELVETFRUIT_EXTRACT,5234,51,5239,18,5236.5,5,69,-2.5,0.0,-5.0,at_bid,taker_proxy,-1.0,5237.5,5237.5,5236.5,5238.5,-1.0,-3.5,-1.0,-3.5,-0.0,-2.5,-2.0,-4.5,0.8202,0.3581
587200,Mark 01,Mark 55,VELVETFRUIT_EXTRACT,XIRECS,5242.0,3,1,sell,Mark 01,-3,VELVETFRUIT_EXTRACT,5242,73,5248,73,5245.0,6,146,-3.0,0.0,-6.0,at_bid,taker_proxy,-1.0,5247.0,5247.0,5247.5,5247.0,-2.0,-5.0,-2.0,-5.0,-2.5,-5.5,-2.0,-5.0,1.0,0.9975
594900,Mark 22,Mark 55,VELVETFRUIT_EXTRACT,XIRECS,5239.0,4,1,sell,Mark 22,-4,VELVETFRUIT_EXTRACT,5239,17,5242,67,5240.5,3,84,-1.5,0.0,-3.0,at_bid,taker_proxy,-1.0,5238.5,5238.5,5239.5,5241.5,2.0,0.5,2.0,0.5,1.0,-0.5,-1.0,-2.5,0.0732,0.6546
595300,Mark 01,Mark 55,VELVETFRUIT_EXTRACT,XIRECS,5238.0,8,1,sell,Mark 01,-8,VELVETFRUIT_EXTRACT,5238,54,5244,54,5241.0,6,108,-3.0,0.0,-6.0,at_bid,taker_proxy,-1.0,5241.5,5241.5,5241.5,5242.5,-0.5,-3.5,-0.5,-3.5,-0.5,-3.5,-1.5,-4.5,1.0,0.8618
597200,Mark 14,Mark 55,VELVETFRUIT_EXTRACT,XIRECS,5237.0,7,1,sell,Mark 14,-7,VELVETFRUIT_EXTRACT,5237,22,5242,56,5239.5,5,78,-2.5,0.0,-5.0,at_bid,taker_proxy,-1.0,5238.5,5238.5,5239.5,5239.5,1.0,-1.5,1.0,-1.5,-0.0,-2.5,-0.0,-2.5,0.8202,0.521
597400,Mark 14,Mark 55,VELVETFRUIT_EXTRACT,XIRECS,5237.0,4,1,sell,Mark 14,-4,VELVETFRUIT_EXTRACT,5237,15,5242,49,5239.5,5,64,-2.5,0.0,-5.0,at_bid,taker_proxy,-1.0,5240.5,5240.5,5238.0,5238.5,-1.0,-3.5,-1.0,-3.5,1.5,-1.0,1.0,-1.5,0.8202,0.3036
600000,Mark 55,Mark 01,VELVETFRUIT_EXTRACT,XIRECS,5237.0,7,1,buy,Mark 01,7,VELVETFRUIT_EXTRACT,5232,15,5237,48,5234.5,5,63,2.5,5.0,0.0,at_ask,taker_proxy,1.0,5233.0,5233.0,5232.5,5232.0,-1.5,-4.0,-1.5,-4.0,-2.0,-4.5,-2.5,-5.0,0.8202,0.295
603000,Mark 55,Mark 01,VELVETFRUIT_EXTRACT,XIRECS,5234.0,6,1,buy,Mark 01,6,VELVETFRUIT_EXTRACT,5229,19,5234,65,5231.5,5,84,2.5,5.0,0.0,at_ask,taker_proxy,1.0,5231.5,5231.5,5231.5,5232.5,0.0,-2.5,0.0,-2.5,0.0,-2.5,1.0,-1.5,0.8202,0.6546
605700,Mark 01,Mark 55,VELVETFRUIT_EXTRACT,XIRECS,5226.0,7,1,sell,Mark 01,-7,VELVETFRUIT_EXTRACT,5226,60,5231,24,5228.5,5,84,-2.5,0.0,-5.0,at_bid,taker_proxy,-1.0,5229.5,5229.5,5230.5,5227.5,-1.0,-3.5,-1.0,-3.5,-2.0,-4.5,1.0,-1.5,0.8202,0.6546
609900,Mark 14,Mark 55,VELVETFRUIT_EXTRACT,XIRECS,5222.0,6,1,sell,Mark 14,-6,VELVETFRUIT_EXTRACT,5222,25,5227,25,5224.5,5,50,-2.5,0.0,-5.0,at_bid,taker_proxy,-1.0,5223.5,5223.5,5223.5,5223.5,1.0,-1.5,1.0,-1.5,1.0,-1.5,1.0,-1.5,0.8202,0.275
612500,Mark 14,Mark 55,VELVETFRUIT_EXTRACT,XIRECS,5219.0,5,1,sell,Mark 14,-5,VELVETFRUIT_EXTRACT,5219,19,5224,19,5221.5,5,38,-2.5,0.0,-5.0,at_bid,taker_proxy,-1.0,5222.5,5222.5,5223.5,5227.0,-1.0,-3.5,-1.0,-3.5,-2.0,-4.5,-5.5,-8.0,0.8202,0.146
612900,Mark 01,Mark 55,VELVETFRUIT_EXTRACT,XIRECS,5223.0,8,1,sell,Mark 01,-8,VELVETFRUIT_EXTRACT,5223,65,5225,3,5224.0,2,68,-1.0,0.0,-2.0,at_bid,taker_proxy,-1.0,5227.0,5227.0,5226.5,5228.5,-3.0,-4.0,-3.0,-4.0,-2.5,-3.5,-4.5,-5.5,0.0411,0.3459
616300,Mark 14,Mark 55,VELVETFRUIT_EXTRACT,XIRECS,5228.0,5,1,sell,Mark 14,-5,VELVETFRUIT_EXTRACT,5228,25,5233,69,5230.5,5,94,-2.5,0.0,-5.0,at_bid,taker_proxy,-1.0,5230.5,5230.5,5232.0,5232.5,-0.0,-2.5,-0.0,-2.5,-1.5,-4.0,-2.0,-4.5,0.8202,0.8003
617400,Mark 14,Mark 55,VELVETFRUIT_EXTRACT,XIRECS,5231.0,7,1,sell,Mark 14,-7,VELVETFRUIT_EXTRACT,5231,15,5236,15,5233.5,5,30,-2.5,0.0,-5.0,at_bid,taker_proxy,-1.0,5233.5,5233.5,5233.5,5234.0,-0.0,-2.5,-0.0,-2.5,-0.0,-2.5,-0.5,-3.0,0.8202,0.0459
618900,Mark 55,Mark 22,VELVETFRUIT_EXTRACT,XIRECS,5231.0,3,1,buy,Mark 22,3,VELVETFRUIT_EXTRACT,5229,15,5231,5,5230.0,2,20,1.0,2.0,0.0,at_ask,taker_proxy,1.0,5231.5,5231.5,5231.5,5231.5,1.5,0.5,1.5,0.5,1.5,0.5,1.5,0.5,0.0411,0.0004
619800,Mark 55,Mark 14,VELVETFRUIT_EXTRACT,XIRECS,5236.0,7,1,buy,Mark 14,7,VELVETFRUIT_EXTRACT,5231,19,5236,19,5233.5,5,38,2.5,5.0,0.0,at_ask,taker_proxy,1.0,5234.0,5234.0,5234.5,5231.5,0.5,-2.0,0.5,-2.0,1.0,-1.5,-2.0,-4.5,0.8202,0.146
620500,Mark 55,Mark 14,VELVETFRUIT_EXTRACT,XIRECS,5235.0,3,1,buy,Mark 14,3,VELVETFRUIT_EXTRACT,5230,20,5235,20,5232.5,5,40,2.5,5.0,0.0,at_ask,taker_proxy,1.0,5232.5,5232.5,5232.5,5230.5,0.0,-2.5,0.0,-2.5,0.0,-2.5,-2.0,-4.5,0.8202,0.1672
621900,Mark 55,Mark 14,VELVETFRUIT_EXTRACT,XIRECS,5236.0,6,1,buy,Mark 14,6,VELVETFRUIT_EXTRACT,5231,59,5236,20,5233.5,5,79,2.5,5.0,0.0,at_ask,taker_proxy,1.0,5234.5,5234.5,5235.5,5234.5,1.0,-1.5,1.0,-1.5,2.0,-0.5,1.0,-1.5,0.8202,0.5428
624700,Mark 55,Mark 01,VELVETFRUIT_EXTRACT,XIRECS,5242.0,5,1,buy,Mark 01,5,VELVETFRUIT_EXTRACT,5236,62,5242,62,5239.0,6,124,3.0,6.0,0.0,at_ask,taker_proxy,1.0,5237.5,5237.5,5237.5,5236.5,-1.5,-4.5,-1.5,-4.5,-1.5,-4.5,-2.5,-5.5,1.0,0.9291
626000,Mark 14,Mark 55,VELVETFRUIT_EXTRACT,XIRECS,5232.0,4,1,sell,Mark 14,-4,VELVETFRUIT_EXTRACT,5232,25,5234,7,5233.0,2,32,-1.0,0.0,-2.0,at_bid,taker_proxy,-1.0,5232.5,5232.5,5233.0,5231.5,0.5,-0.5,0.5,-0.5,-0.0,-1.0,1.5,0.5,0.0411,0.0745
628100,Mark 55,Mark 01,VELVETFRUIT_EXTRACT,XIRECS,5231.0,6,1,buy,Mark 01,6,VELVETFRUIT_EXTRACT,5226,18,5231,54,5228.5,5,72,2.5,5.0,0.0,at_ask,taker_proxy,1.0,5227.5,5227.5,5227.5,5224.5,-1.0,-3.5,-1.0,-3.5,-1.0,-3.5,-4.0,-6.5,0.8202,0.4027
628300,Mark 14,Mark 55,VELVETFRUIT_EXTRACT,XIRECS,5225.0,7,1,sell,Mark 14,-7,VELVETFRUIT_EXTRACT,5225,23,5230,56,5227.5,5,79,-2.5,0.0,-5.0,at_bid,taker_proxy,-1.0,5225.5,5225.5,5225.5,5222.5,2.0,-0.5,2.0,-0.5,2.0,-0.5,5.0,2.5,0.8202,0.5428
634500,Mark 55,Mark 14,VELVETFRUIT_EXTRACT,XIRECS,5218.0,5,1,buy,Mark 14,5,VELVETFRUIT_EXTRACT,5213,57,5218,17,5215.5,5,74,2.5,5.0,0.0,at_ask,taker_proxy,1.0,5216.0,5216.0,5217.5,5217.0,0.5,-2.0,0.5,-2.0,2.0,-0.5,1.5,-1.0,0.8202,0.4369
634800,Mark 01,Mark 55,VELVETFRUIT_EXTRACT,XIRECS,5214.0,6,1,sell,Mark 01,-6,VELVETFRUIT_EXTRACT,5214,67,5216,8,5215.0,2,75,-1.0,0.0,-2.0,at_bid,taker_proxy,-1.0,5216.5,5216.5,5217.0,5216.0,-1.5,-2.5,-1.5,-2.5,-2.0,-3.0,-1.0,-2.0,0.0411,0.456
640500,Mark 01,Mark 55,VELVETFRUIT_EXTRACT,XIRECS,5212.0,3,1,sell,Mark 01,-3,VELVETFRUIT_EXTRACT,5212,56,5217,17,5214.5,5,73,-2.5,0.0,-5.0,at_bid,taker_proxy,-1.0,5214.5,5214.5,5212.0,5212.5,-0.0,-2.5,-0.0,-2.5,2.5,-0.0,2.0,-0.5,0.8202,0.4183
644900,Mark 55,Mark 01,VELVETFRUIT_EXTRACT,XIRECS,5210.0,6,1,buy,Mark 01,6,VELVETFRUIT_EXTRACT,5204,70,5210,70,5207.0,6,140,3.0,6.0,0.0,at_ask,taker_proxy,1.0,5208.5,5208.5,5208.0,5209.5,1.5,-1.5,1.5,-1.5,1.0,-2.0,2.5,-0.5,1.0,0.9877
646100,Mark 55,Mark 14,VELVETFRUIT_EXTRACT,XIRECS,5211.0,3,1,buy,Mark 14,3,VELVETFRUIT_EXTRACT,5206,15,5211,15,5208.5,5,30,2.5,5.0,0.0,at_ask,taker_proxy,1.0,5209.5,5209.5,5208.0,5206.5,1.0,-1.5,1.0,-1.5,-0.5,-3.0,-2.0,-4.5,0.8202,0.0459
648200,Mark 55,Mark 14,VELVETFRUIT_EXTRACT,XIRECS,5208.0,6,1,buy,Mark 14,6,VELVETFRUIT_EXTRACT,5205,8,5208,16,5206.5,3,24,1.5,3.0,0.0,at_ask,taker_proxy,1.0,5206.5,5206.5,5206.5,5202.5,0.0,-1.5,0.0,-1.5,0.0,-1.5,-4.0,-5.5,0.0732,0.0072
650300,Mark 14,Mark 55,VELVETFRUIT_EXTRACT,XIRECS,5198.0,6,1,sell,Mark 14,-6,VELVETFRUIT_EXTRACT,5198,19,5203,69,5200.5,5,88,-2.5,0.0,-5.0,at_bid,taker_proxy,-1.0,5200.5,5200.5,5202.5,5201.0,-0.0,-2.5,-0.0,-2.5,-2.0,-4.5,-0.5,-3.0,0.8202,0.7278
652100,Mark 01,Mark 55,VELVETFRUIT_EXTRACT,XIRECS,5198.0,6,1,sell,Mark 01,-6,VELVETFRUIT_EXTRACT,5198,49,5203,18,5200.5,5,67,-2.5,0.0,-5.0,at_bid,taker_proxy,-1.0,5200.5,5200.5,5200.5,5201.5,-0.0,-2.5,-0.0,-2.5,-0.0,-2.5,-1.0,-3.5,0.8202,0.3321
654300,Mark 14,Mark 55,VELVETFRUIT_EXTRACT,XIRECS,5205.0,8,1,sell,Mark 14,-8,VELVETFRUIT_EXTRACT,5205,20,5210,20,5207.5,5,40,-2.5,0.0,-5.0,at_bid,taker_proxy,-1.0,5208.5,5208.5,5207.5,5209.5,-1.0,-3.5,-1.0,-3.5,-0.0,-2.5,-2.0,-4.5,0.8202,0.1672
655100,Mark 55,Mark 14,VELVETFRUIT_EXTRACT,XIRECS,5210.0,8,1,buy,Mark 14,8,VELVETFRUIT_EXTRACT,5205,17,5210,17,5207.5,5,34,2.5,5.0,0.0,at_ask,taker_proxy,1.0,5206.5,5206.5,5206.5,5205.5,-1.0,-3.5,-1.0,-3.5,-1.0,-3.5,-2.0,-4.5,0.8202,0.1006
657800,Mark 55,Mark 01,VELVETFRUIT_EXTRACT,XIRECS,5213.0,5,1,buy,Mark 01,5,VELVETFRUIT_EXTRACT,5208,24,5213,63,5210.5,5,87,2.5,5.0,0.0,at_ask,taker_proxy,1.0,5210.5,5210.5,5210.5,5209.0,0.0,-2.5,0.0,-2.5,0.0,-2.5,-1.5,-4.0,0.8202,0.7115
659200,Mark 55,Mark 01,VELVETFRUIT_EXTRACT,XIRECS,5215.0,7,1,buy,Mark 01,7,VELVETFRUIT_EXTRACT,5209,61,5215,61,5212.0,6,122,3.0,6.0,0.0,at_ask,taker_proxy,1.0,5211.5,5211.5,5211.5,5213.0,-0.5,-3.5,-0.5,-3.5,-0.5,-3.5,1.0,-2.0,1.0,0.9194
666500,Mark 01,Mark 55,VELVETFRUIT_EXTRACT,XIRECS,5220.0,7,1,sell,Mark 01,-7,VELVETFRUIT_EXTRACT,5220,63,5226,63,5223.0,6,126,-3.0,0.0,-6.0,at_bid,taker_proxy,-1.0,5223.5,5223.5,5223.0,5223.5,-0.5,-3.5,-0.5,-3.5,-0.0,-3.0,-0.5,-3.5,1.0,0.9374
667400,Mark 55,Mark 01,VELVETFRUIT_EXTRACT,XIRECS,5227.0,6,1,buy,Mark 01,6,VELVETFRUIT_EXTRACT,5221,66,5227,66,5224.0,6,132,3.0,6.0,0.0,at_ask,taker_proxy,1.0,5223.0,5223.0,5223.5,5220.5,-1.0,-4.0,-1.0,-4.0,-0.5,-3.5,-3.5,-6.5,1.0,0.9608
669900,Mark 01,Mark 55,VELVETFRUIT_EXTRACT,XIRECS,5216.0,7,1,sell,Mark 01,-7,VELVETFRUIT_EXTRACT,5216,67,5222,67,5219.0,6,134,-3.0,0.0,-6.0,at_bid,taker_proxy,-1.0,5219.5,5219.5,5218.5,5218.5,-0.5,-3.5,-0.5,-3.5,0.5,-2.5,0.5,-2.5,1.0,0.9683
679600,Mark 55,Mark 14,VELVETFRUIT_EXTRACT,XIRECS,5227.0,6,1,buy,Mark 14,6,VELVETFRUIT_EXTRACT,5222,56,5227,24,5224.5,5,80,2.5,5.0,0.0,at_ask,taker_proxy,1.0,5224.5,5224.5,5223.0,5223.5,0.0,-2.5,0.0,-2.5,-1.5,-4.0,-1.0,-3.5,0.8202,0.5676
685200,Mark 55,Mark 01,VELVETFRUIT_EXTRACT,XIRECS,5231.0,6,1,buy,Mark 01,6,VELVETFRUIT_EXTRACT,5226,23,5231,69,5228.5,5,92,2.5,5.0,0.0,at_ask,taker_proxy,1.0,5228.5,5228.5,5227.5,5232.5,0.0,-2.5,0.0,-2.5,-1.0,-3.5,4.0,1.5,0.8202,0.7794
688400,Mark 55,Mark 14,VELVETFRUIT_EXTRACT,XIRECS,5236.0,6,1,buy,Mark 14,6,VELVETFRUIT_EXTRACT,5233,7,5236,19,5234.5,3,26,1.5,3.0,0.0,at_ask,taker_proxy,1.0,5234.5,5234.5,5234.5,5236.5,0.0,-1.5,0.0,-1.5,0.0,-1.5,2.0,0.5,0.0732,0.0121
688600,Mark 55,Mark 14,VELVETFRUIT_EXTRACT,XIRECS,5237.0,5,1,buy,Mark 14,5,VELVETFRUIT_EXTRACT,5232,15,5237,15,5234.5,5,30,2.5,5.0,0.0,at_ask,taker_proxy,1.0,5234.5,5234.5,5236.5,5234.5,0.0,-2.5,0.0,-2.5,2.0,-0.5,0.0,-2.5,0.8202,0.0459
693000,Mark 14,Mark 55,VELVETFRUIT_EXTRACT,XIRECS,5230.0,8,1,sell,Mark 14,-8,VELVETFRUIT_EXTRACT,5230,23,5235,23,5232.5,5,46,-2.5,0.0,-5.0,at_bid,taker_proxy,-1.0,5233.0,5233.0,5234.0,5234.0,-0.5,-3.0,-0.5,-3.0,-1.5,-4.0,-1.5,-4.0,0.8202,0.2334
694600,Mark 14,Mark 55,VELVETFRUIT_EXTRACT,XIRECS,5237.0,3,1,sell,Mark 14,-3,VELVETFRUIT_EXTRACT,5237,16,5242,52,5239.5,5,68,-2.5,0.0,-5.0,at_bid,taker_proxy,-1.0,5239.5,5239.5,5240.5,5243.0,-0.0,-2.5,-0.0,-2.5,-1.0,-3.5,-3.5,-6.0,0.8202,0.3459
702500,Mark 55,Mark 01,VELVETFRUIT_EXTRACT,XIRECS,5248.0,4,1,buy,Mark 01,4,VELVETFRUIT_EXTRACT,5243,20,5248,63,5245.5,5,83,2.5,5.0,0.0,at_ask,taker_proxy,1.0,5244.0,5244.0,5246.5,5250.5,-1.5,-4.0,-1.5,-4.0,1.0,-1.5,5.0,2.5,0.8202,0.634
702700,Mark 55,Mark 14,VELVETFRUIT_EXTRACT,XIRECS,5249.0,8,1,buy,Mark 14,8,VELVETFRUIT_EXTRACT,5244,64,5249,17,5246.5,5,81,2.5,5.0,0.0,at_ask,taker_proxy,1.0,5249.0,5249.0,5250.5,5250.5,2.5,0.0,2.5,0.0,4.0,1.5,4.0,1.5,0.8202,0.5903
704700,Mark 55,Mark 01,VELVETFRUIT_EXTRACT,XIRECS,5257.0,8,1,buy,Mark 01,8,VELVETFRUIT_EXTRACT,5252,17,5257,66,5254.5,5,83,2.5,5.0,0.0,at_ask,taker_proxy,1.0,5253.0,5253.0,5252.0,5254.0,-1.5,-4.0,-1.5,-4.0,-2.5,-5.0,-0.5,-3.0,0.8202,0.634
713900,Mark 55,Mark 14,VELVETFRUIT_EXTRACT,XIRECS,5275.0,6,1,buy,Mark 14,6,VELVETFRUIT_EXTRACT,5270,57,5275,21,5272.5,5,78,2.5,5.0,0.0,at_ask,taker_proxy,1.0,5272.5,5272.5,5272.0,5271.5,0.0,-2.5,0.0,-2.5,-0.5,-3.0,-1.0,-3.5,0.8202,0.521
716000,Mark 14,Mark 55,VELVETFRUIT_EXTRACT,XIRECS,5270.0,7,1,sell,Mark 14,-7,VELVETFRUIT_EXTRACT,5270,18,5275,18,5272.5,5,36,-2.5,0.0,-5.0,at_bid,taker_proxy,-1.0,5272.5,5272.5,5273.5,5272.5,-0.0,-2.5,-0.0,-2.5,-1.0,-3.5,-0.0,-2.5,0.8202,0.1232
720500,Mark 14,Mark 55,VELVETFRUIT_EXTRACT,XIRECS,5264.0,6,1,sell,Mark 14,-6,VELVETFRUIT_EXTRACT,5264,19,5269,19,5266.5,5,38,-2.5,0.0,-5.0,at_bid,taker_proxy,-1.0,5266.5,5266.5,5266.5,5265.5,-0.0,-2.5,-0.0,-2.5,-0.0,-2.5,1.0,-1.5,0.8202,0.146
721200,Mark 14,Mark 55,VELVETFRUIT_EXTRACT,XIRECS,5263.0,4,1,sell,Mark 14,-4,VELVETFRUIT_EXTRACT,5263,18,5268,62,5265.5,5,80,-2.5,0.0,-5.0,at_bid,taker_proxy,-1.0,5266.5,5266.5,5266.0,5264.5,-1.0,-3.5,-1.0,-3.5,-0.5,-3.0,1.0,-1.5,0.8202,0.5676
722300,Mark 55,Mark 14,VELVETFRUIT_EXTRACT,XIRECS,5265.0,6,1,buy,Mark 14,6,VELVETFRUIT_EXTRACT,5260,16,5265,16,5262.5,5,32,2.5,5.0,0.0,at_ask,taker_proxy,1.0,5263.0,5263.0,5263.5,5265.5,0.5,-2.0,0.5,-2.0,1.0,-1.5,3.0,0.5,0.8202,0.0745
725400,Mark 55,Mark 01,VELVETFRUIT_EXTRACT,XIRECS,5267.0,5,1,buy,Mark 01,5,VELVETFRUIT_EXTRACT,5261,65,5267,65,5264.0,6,130,3.0,6.0,0.0,at_ask,taker_proxy,1.0,5264.5,5264.5,5264.5,5262.0,0.5,-2.5,0.5,-2.5,0.5,-2.5,-2.0,-5.0,1.0,0.9544
725800,Mark 55,Mark 14,VELVETFRUIT_EXTRACT,XIRECS,5265.0,8,1,buy,Mark 14,8,VELVETFRUIT_EXTRACT,5260,21,5265,21,5262.5,5,42,2.5,5.0,0.0,at_ask,taker_proxy,1.0,5262.0,5262.0,5261.5,5262.5,-0.5,-3.0,-0.5,-3.0,-1.0,-3.5,0.0,-2.5,0.8202,0.1898
726600,Mark 55,Mark 14,VELVETFRUIT_EXTRACT,XIRECS,5264.0,7,1,buy,Mark 14,7,VELVETFRUIT_EXTRACT,5259,18,5264,18,5261.5,5,36,2.5,5.0,0.0,at_ask,taker_proxy,1.0,5258.5,5258.5,5257.0,5259.5,-3.0,-5.5,-3.0,-5.5,-4.5,-7.0,-2.0,-4.5,0.8202,0.1232
728300,Mark 55,Mark 14,VELVETFRUIT_EXTRACT,XIRECS,5261.0,5,1,buy,Mark 14,5,VELVETFRUIT_EXTRACT,5256,18,5261,18,5258.5,5,36,2.5,5.0,0.0,at_ask,taker_proxy,1.0,5259.0,5259.0,5259.5,5260.5,0.5,-2.0,0.5,-2.0,1.0,-1.5,2.0,-0.5,0.8202,0.1232
731200,Mark 55,Mark 01,VELVETFRUIT_EXTRACT,XIRECS,5276.0,4,1,buy,Mark 01,4,VELVETFRUIT_EXTRACT,5271,16,5276,53,5273.5,5,69,2.5,5.0,0.0,at_ask,taker_proxy,1.0,5274.5,5274.5,5273.5,5279.5,1.0,-1.5,1.0,-1.5,0.0,-2.5,6.0,3.5,0.8202,0.3581
741600,Mark 14,Mark 55,VELVETFRUIT_EXTRACT,XIRECS,5263.0,5,1,sell,Mark 14,-5,VELVETFRUIT_EXTRACT,5263,18,5268,48,5265.5,5,66,-2.5,0.0,-5.0,at_bid,taker_proxy,-1.0,5265.5,5265.5,5265.0,5264.5,-0.0,-2.5,-0.0,-2.5,0.5,-2.0,1.0,-1.5,0.8202,0.3221
749700,Mark 55,Mark 01,VELVETFRUIT_EXTRACT,XIRECS,5277.0,5,1,buy,Mark 01,5,VELVETFRUIT_EXTRACT,5272,23,5277,69,5274.5,5,92,2.5,5.0,0.0,at_ask,taker_proxy,1.0,5274.5,5274.5,5273.0,5271.5,0.0,-2.5,0.0,-2.5,-1.5,-4.0,-3.0,-5.5,0.8202,0.7794
750500,Mark 55,Mark 01,VELVETFRUIT_EXTRACT,XIRECS,5273.0,7,1,buy,Mark 01,7,VELVETFRUIT_EXTRACT,5268,24,5273,61,5270.5,5,85,2.5,5.0,0.0,at_ask,taker_proxy,1.0,5269.5,5269.5,5268.5,5270.0,-1.0,-3.5,-1.0,-3.5,-2.0,-4.5,-0.5,-3.0,0.8202,0.6744
752500,Mark 55,Mark 14,VELVETFRUIT_EXTRACT,XIRECS,5272.0,3,1,buy,Mark 14,3,VELVETFRUIT_EXTRACT,5267,16,5272,16,5269.5,5,32,2.5,5.0,0.0,at_ask,taker_proxy,1.0,5269.5,5269.5,5268.5,5265.5,0.0,-2.5,0.0,-2.5,-1.0,-3.5,-4.0,-6.5,0.8202,0.0745
755800,Mark 14,Mark 55,VELVETFRUIT_EXTRACT,XIRECS,5260.0,4,1,sell,Mark 14,-4,VELVETFRUIT_EXTRACT,5260,21,5265,21,5262.5,5,42,-2.5,0.0,-5.0,at_bid,taker_proxy,-1.0,5263.5,5263.5,5263.5,5265.5,-1.0,-3.5,-1.0,-3.5,-1.0,-3.5,-3.0,-5.5,0.8202,0.1898
760200,Mark 55,Mark 01,VELVETFRUIT_EXTRACT,XIRECS,5277.0,5,1,buy,Mark 01,5,VELVETFRUIT_EXTRACT,5272,15,5277,57,5274.5,5,72,2.5,5.0,0.0,at_ask,taker_proxy,1.0,5275.0,5275.0,5275.5,5272.5,0.5,-2.0,0.5,-2.0,1.0,-1.5,-2.0,-4.5,0.8202,0.4027
762400,Mark 01,Mark 55,VELVETFRUIT_EXTRACT,XIRECS,5268.0,3,1,sell,Mark 01,-3,VELVETFRUIT_EXTRACT,5268,55,5274,55,5271.0,6,110,-3.0,0.0,-6.0,at_bid,taker_proxy,-1.0,5271.5,5271.5,5272.5,5272.5,-0.5,-3.5,-0.5,-3.5,-1.5,-4.5,-1.5,-4.5,1.0,0.8697
765100,Mark 14,Mark 55,VELVETFRUIT_EXTRACT,XIRECS,5265.0,4,1,sell,Mark 14,-4,VELVETFRUIT_EXTRACT,5265,17,5270,17,5267.5,5,34,-2.5,0.0,-5.0,at_bid,taker_proxy,-1.0,5266.5,5266.5,5267.0,5269.5,1.0,-1.5,1.0,-1.5,0.5,-2.0,-2.0,-4.5,0.8202,0.1006
767200,Mark 55,Mark 14,VELVETFRUIT_EXTRACT,XIRECS,5276.0,3,1,buy,Mark 14,3,VELVETFRUIT_EXTRACT,5271,58,5276,25,5273.5,5,83,2.5,5.0,0.0,at_ask,taker_proxy,1.0,5273.5,5273.5,5274.0,5274.5,0.0,-2.5,0.0,-2.5,0.5,-2.0,1.0,-1.5,0.8202,0.634
768700,Mark 14,Mark 55,VELVETFRUIT_EXTRACT,XIRECS,5270.0,5,1,sell,Mark 14,-5,VELVETFRUIT_EXTRACT,5270,16,5275,60,5272.5,5,76,-2.5,0.0,-5.0,at_bid,taker_proxy,-1.0,5272.0,5272.0,5273.0,5271.5,0.5,-2.0,0.5,-2.0,-0.5,-3.0,1.0,-1.5,0.8202,0.4747
771700,Mark 55,Mark 14,VELVETFRUIT_EXTRACT,XIRECS,5264.0,7,1,buy,Mark 14,7,VELVETFRUIT_EXTRACT,5259,19,5264,19,5261.5,5,38,2.5,5.0,0.0,at_ask,taker_proxy,1.0,5261.5,5261.5,5260.5,5263.5,0.0,-2.5,0.0,-2.5,-1.0,-3.5,2.0,-0.5,0.8202,0.146
772500,Mark 01,Mark 55,VELVETFRUIT_EXTRACT,XIRECS,5260.0,7,1,sell,Mark 01,-7,VELVETFRUIT_EXTRACT,5260,58,5265,23,5262.5,5,81,-2.5,0.0,-5.0,at_bid,taker_proxy,-1.0,5262.5,5262.5,5261.5,5259.5,-0.0,-2.5,-0.0,-2.5,1.0,-1.5,3.0,0.5,0.8202,0.5903
772600,Mark 55,Mark 14,VELVETFRUIT_EXTRACT,XIRECS,5265.0,8,1,buy,Mark 14,8,VELVETFRUIT_EXTRACT,5260,17,5265,17,5262.5,5,34,2.5,5.0,0.0,at_ask,taker_proxy,1.0,5261.5,5261.5,5260.5,5261.5,-1.0,-3.5,-1.0,-3.5,-2.0,-4.5,-1.0,-3.5,0.8202,0.1006
775000,Mark 55,Mark 01,VELVETFRUIT_EXTRACT,XIRECS,5266.0,4,1,buy,Mark 01,4,VELVETFRUIT_EXTRACT,5260,65,5266,65,5263.0,6,130,3.0,6.0,0.0,at_ask,taker_proxy,1.0,5262.0,5262.0,5260.5,5259.5,-1.0,-4.0,-1.0,-4.0,-2.5,-5.5,-3.5,-6.5,1.0,0.9544
777000,Mark 55,Mark 01,VELVETFRUIT_EXTRACT,XIRECS,5270.0,6,1,buy,Mark 01,6,VELVETFRUIT_EXTRACT,5264,67,5270,67,5267.0,6,134,3.0,6.0,0.0,at_ask,taker_proxy,1.0,5266.0,5266.0,5264.5,5266.5,-1.0,-4.0,-1.0,-4.0,-2.5,-5.5,-0.5,-3.5,1.0,0.9683
787700,Mark 55,Mark 01,VELVETFRUIT_EXTRACT,XIRECS,5260.0,6,1,buy,Mark 01,6,VELVETFRUIT_EXTRACT,5254,51,5260,51,5257.0,6,102,3.0,6.0,0.0,at_ask,taker_proxy,1.0,5258.5,5258.5,5258.5,5259.5,1.5,-1.5,1.5,-1.5,1.5,-1.5,2.5,-0.5,1.0,0.8414
787800,Mark 55,Mark 14,VELVETFRUIT_EXTRACT,XIRECS,5261.0,4,1,buy,Mark 14,4,VELVETFRUIT_EXTRACT,5256,22,5261,22,5258.5,5,44,2.5,5.0,0.0,at_ask,taker_proxy,1.0,5258.5,5258.5,5258.0,5259.5,0.0,-2.5,0.0,-2.5,-0.5,-3.0,1.0,-1.5,0.8202,0.2107
792200,Mark 22,Mark 55,VELVETFRUIT_EXTRACT,XIRECS,5259.0,6,1,sell,Mark 22,-6,VELVETFRUIT_EXTRACT,5259,8,5263,66,5261.0,4,74,-2.0,0.0,-4.0,at_bid,taker_proxy,-1.0,5258.5,5258.5,5256.5,5256.5,2.5,0.5,2.5,0.5,4.5,2.5,4.5,2.5,0.0748,0.4369
794800,Mark 55,Mark 01,VELVETFRUIT_EXTRACT,XIRECS,5258.0,8,1,buy,Mark 01,8,VELVETFRUIT_EXTRACT,5255,8,5258,66,5256.5,3,74,1.5,3.0,0.0,at_ask,taker_proxy,1.0,5253.5,5253.5,5252.5,5253.5,-3.0,-4.5,-3.0,-4.5,-4.0,-5.5,-3.0,-4.5,0.0732,0.4369
794900,Mark 14,Mark 55,VELVETFRUIT_EXTRACT,XIRECS,5251.0,6,1,sell,Mark 14,-6,VELVETFRUIT_EXTRACT,5251,25,5256,71,5253.5,5,96,-2.5,0.0,-5.0,at_bid,taker_proxy,-1.0,5252.5,5252.5,5253.0,5254.0,1.0,-1.5,1.0,-1.5,0.5,-2.0,-0.5,-3.0,0.8202,0.8151
796600,Mark 14,Mark 55,VELVETFRUIT_EXTRACT,XIRECS,5251.0,8,1,sell,Mark 14,-8,VELVETFRUIT_EXTRACT,5251,23,5256,66,5253.5,5,89,-2.5,0.0,-5.0,at_bid,taker_proxy,-1.0,5253.5,5253.5,5254.5,5254.5,-0.0,-2.5,-0.0,-2.5,-1.0,-3.5,-1.0,-3.5,0.8202,0.7418
799900,Mark 14,Mark 55,VELVETFRUIT_EXTRACT,XIRECS,5249.0,8,1,sell,Mark 14,-8,VELVETFRUIT_EXTRACT,5249,15,5254,15,5251.5,5,30,-2.5,0.0,-5.0,at_bid,taker_proxy,-1.0,5250.5,5250.5,5251.5,5249.5,1.0,-1.5,1.0,-1.5,-0.0,-2.5,2.0,-0.5,0.8202,0.0459
802800,Mark 55,Mark 14,VELVETFRUIT_EXTRACT,XIRECS,5243.0,3,1,buy,Mark 14,3,VELVETFRUIT_EXTRACT,5238,51,5243,15,5240.5,5,66,2.5,5.0,0.0,at_ask,taker_proxy,1.0,5238.5,5238.5,5238.5,5240.5,-2.0,-4.5,-2.0,-4.5,-2.0,-4.5,0.0,-2.5,0.8202,0.3221
807400,Mark 55,Mark 01,VELVETFRUIT_EXTRACT,XIRECS,5253.0,4,1,buy,Mark 01,4,VELVETFRUIT_EXTRACT,5247,66,5253,66,5250.0,6,132,3.0,6.0,0.0,at_ask,taker_proxy,1.0,5249.5,5249.5,5249.5,5247.5,-0.5,-3.5,-0.5,-3.5,-0.5,-3.5,-2.5,-5.5,1.0,0.9608
810100,Mark 55,Mark 14,VELVETFRUIT_EXTRACT,XIRECS,5245.0,4,1,buy,Mark 14,4,VELVETFRUIT_EXTRACT,5240,51,5245,21,5242.5,5,72,2.5,5.0,0.0,at_ask,taker_proxy,1.0,5242.5,5242.5,5242.5,5240.5,0.0,-2.5,0.0,-2.5,0.0,-2.5,-2.0,-4.5,0.8202,0.4027
812400,Mark 14,Mark 55,VELVETFRUIT_EXTRACT,XIRECS,5233.0,8,1,sell,Mark 14,-8,VELVETFRUIT_EXTRACT,5233,17,5238,56,5235.5,5,73,-2.5,0.0,-5.0,at_bid,taker_proxy,-1.0,5233.5,5233.5,5235.0,5232.0,2.0,-0.5,2.0,-0.5,0.5,-2.0,3.5,1.0,0.8202,0.4183
815000,Mark 55,Mark 14,VELVETFRUIT_EXTRACT,XIRECS,5230.0,5,1,buy,Mark 14,5,VELVETFRUIT_EXTRACT,5225,71,5230,24,5227.5,5,95,2.5,5.0,0.0,at_ask,taker_proxy,1.0,5227.5,5227.5,5228.5,5229.5,0.0,-2.5,0.0,-2.5,1.0,-1.5,2.0,-0.5,0.8202,0.8065
817900,Mark 01,Mark 55,VELVETFRUIT_EXTRACT,XIRECS,5228.0,5,1,sell,Mark 01,-5,VELVETFRUIT_EXTRACT,5228,64,5234,64,5231.0,6,128,-3.0,0.0,-6.0,at_bid,taker_proxy,-1.0,5230.0,5230.0,5231.5,5232.5,1.0,-2.0,1.0,-2.0,-0.5,-3.5,-1.5,-4.5,1.0,0.9467
818100,Mark 55,Mark 14,VELVETFRUIT_EXTRACT,XIRECS,5234.0,7,1,buy,Mark 14,7,VELVETFRUIT_EXTRACT,5229,17,5234,17,5231.5,5,34,2.5,5.0,0.0,at_ask,taker_proxy,1.0,5231.5,5231.5,5231.5,5233.5,0.0,-2.5,0.0,-2.5,0.0,-2.5,2.0,-0.5,0.8202,0.1006
818500,Mark 14,Mark 55,VELVETFRUIT_EXTRACT,XIRECS,5231.0,7,1,sell,Mark 14,-7,VELVETFRUIT_EXTRACT,5231,17,5236,17,5233.5,5,34,-2.5,0.0,-5.0,at_bid,taker_proxy,-1.0,5233.5,5233.5,5232.5,5230.5,-0.0,-2.5,-0.0,-2.5,1.0,-1.5,3.0,0.5,0.8202,0.1006
822000,Mark 55,Mark 14,VELVETFRUIT_EXTRACT,XIRECS,5245.0,8,1,buy,Mark 14,8,VELVETFRUIT_EXTRACT,5240,25,5245,25,5242.5,5,50,2.5,5.0,0.0,at_ask,taker_proxy,1.0,5242.5,5242.5,5243.5,5241.0,0.0,-2.5,0.0,-2.5,1.0,-1.5,-1.5,-4.0,0.8202,0.275
822200,Mark 14,Mark 55,VELVETFRUIT_EXTRACT,XIRECS,5241.0,7,1,sell,Mark 14,-7,VELVETFRUIT_EXTRACT,5241,23,5246,63,5243.5,5,86,-2.5,0.0,-5.0,at_bid,taker_proxy,-1.0,5243.0,5243.0,5243.5,5244.0,0.5,-2.0,0.5,-2.0,-0.0,-2.5,-0.5,-3.0,0.8202,0.6942
824200,Mark 55,Mark 14,VELVETFRUIT_EXTRACT,XIRECS,5251.0,4,1,buy,Mark 14,4,VELVETFRUIT_EXTRACT,5246,54,5251,20,5248.5,5,74,2.5,5.0,0.0,at_ask,taker_proxy,1.0,5249.0,5249.0,5249.5,5251.5,0.5,-2.0,0.5,-2.0,1.0,-1.5,3.0,0.5,0.8202,0.4369
827000,Mark 55,Mark 14,VELVETFRUIT_EXTRACT,XIRECS,5247.0,7,1,buy,Mark 14,7,VELVETFRUIT_EXTRACT,5242,23,5247,23,5244.5,5,46,2.5,5.0,0.0,at_ask,taker_proxy,1.0,5244.5,5244.5,5245.5,5244.5,0.0,-2.5,0.0,-2.5,1.0,-1.5,0.0,-2.5,0.8202,0.2334
827500,Mark 55,Mark 01,VELVETFRUIT_EXTRACT,XIRECS,5247.0,8,1,buy,Mark 01,8,VELVETFRUIT_EXTRACT,5242,21,5247,58,5244.5,5,79,2.5,5.0,0.0,at_ask,taker_proxy,1.0,5243.5,5243.5,5241.5,5240.5,-1.0,-3.5,-1.0,-3.5,-3.0,-5.5,-4.0,-6.5,0.8202,0.5428
832000,Mark 55,Mark 14,VELVETFRUIT_EXTRACT,XIRECS,5244.0,6,1,buy,Mark 14,6,VELVETFRUIT_EXTRACT,5239,21,5244,21,5241.5,5,42,2.5,5.0,0.0,at_ask,taker_proxy,1.0,5241.5,5241.5,5241.5,5242.5,0.0,-2.5,0.0,-2.5,0.0,-2.5,1.0,-1.5,0.8202,0.1898
832100,Mark 14,Mark 55,VELVETFRUIT_EXTRACT,XIRECS,5239.0,8,1,sell,Mark 14,-8,VELVETFRUIT_EXTRACT,5239,24,5244,24,5241.5,5,48,-2.5,0.0,-5.0,at_bid,taker_proxy,-1.0,5241.5,5241.5,5241.5,5242.5,-0.0,-2.5,-0.0,-2.5,-0.0,-2.5,-1.0,-3.5,0.8202,0.2538
832700,Mark 55,Mark 22,VELVETFRUIT_EXTRACT,XIRECS,5242.0,3,1,buy,Mark 22,3,VELVETFRUIT_EXTRACT,5240,21,5242,7,5241.0,2,28,1.0,2.0,0.0,at_ask,taker_proxy,1.0,5240.5,5240.5,5241.5,5243.5,-0.5,-1.5,-0.5,-1.5,0.5,-0.5,2.5,1.5,0.0411,0.0197
834900,Mark 14,Mark 55,VELVETFRUIT_EXTRACT,XIRECS,5243.0,7,1,sell,Mark 14,-7,VELVETFRUIT_EXTRACT,5243,25,5248,25,5245.5,5,50,-2.5,0.0,-5.0,at_bid,taker_proxy,-1.0,5246.5,5246.5,5247.5,5249.5,-1.0,-3.5,-1.0,-3.5,-2.0,-4.5,-4.0,-6.5,0.8202,0.275
836000,Mark 01,Mark 55,VELVETFRUIT_EXTRACT,XIRECS,5244.0,6,1,sell,Mark 01,-6,VELVETFRUIT_EXTRACT,5244,50,5249,16,5246.5,5,66,-2.5,0.0,-5.0,at_bid,taker_proxy,-1.0,5247.5,5247.5,5247.5,5248.5,-1.0,-3.5,-1.0,-3.5,-1.0,-3.5,-2.0,-4.5,0.8202,0.3221
840400,Mark 14,Mark 55,VELVETFRUIT_EXTRACT,XIRECS,5253.0,3,1,sell,Mark 14,-3,VELVETFRUIT_EXTRACT,5253,25,5258,64,5255.5,5,89,-2.5,0.0,-5.0,at_bid,taker_proxy,-1.0,5255.5,5255.5,5255.5,5255.0,-0.0,-2.5,-0.0,-2.5,-0.0,-2.5,0.5,-2.0,0.8202,0.7418
843100,Mark 14,Mark 55,VELVETFRUIT_EXTRACT,XIRECS,5255.0,4,1,sell,Mark 14,-4,VELVETFRUIT_EXTRACT,5255,15,5260,58,5257.5,5,73,-2.5,0.0,-5.0,at_bid,taker_proxy,-1.0,5258.5,5258.5,5257.5,5257.5,-1.0,-3.5,-1.0,-3.5,-0.0,-2.5,-0.0,-2.5,0.8202,0.4183
849300,Mark 55,Mark 01,VELVETFRUIT_EXTRACT,XIRECS,5270.0,8,1,buy,Mark 01,8,VELVETFRUIT_EXTRACT,5265,18,5270,60,5267.5,5,78,2.5,5.0,0.0,at_ask,taker_proxy,1.0,5267.5,5267.5,5268.0,5264.5,0.0,-2.5,0.0,-2.5,0.5,-2.0,-3.0,-5.5,0.8202,0.521
850300,Mark 14,Mark 55,VELVETFRUIT_EXTRACT,XIRECS,5260.0,7,1,sell,Mark 14,-7,VELVETFRUIT_EXTRACT,5260,22,5262,7,5261.0,2,29,-1.0,0.0,-2.0,at_bid,taker_proxy,-1.0,5261.5,5261.5,5260.5,5262.5,-0.5,-1.5,-0.5,-1.5,0.5,-0.5,-1.5,-2.5,0.0411,0.0227
851700,Mark 14,Mark 55,VELVETFRUIT_EXTRACT,XIRECS,5260.0,6,1,sell,Mark 14,-6,VELVETFRUIT_EXTRACT,5260,25,5265,68,5262.5,5,93,-2.5,0.0,-5.0,at_bid,taker_proxy,-1.0,5264.5,5264.5,5265.5,5267.0,-2.0,-4.5,-2.0,-4.5,-3.0,-5.5,-4.5,-7.0,0.8202,0.7892
852200,Mark 55,Mark 01,VELVETFRUIT_EXTRACT,XIRECS,5270.0,4,1,buy,Mark 01,4,VELVETFRUIT_EXTRACT,5264,57,5270,57,5267.0,6,114,3.0,6.0,0.0,at_ask,taker_proxy,1.0,5265.5,5265.5,5266.5,5266.0,-1.5,-4.5,-1.5,-4.5,-0.5,-3.5,-1.0,-4.0,1.0,0.8856
852900,Mark 01,Mark 55,VELVETFRUIT_EXTRACT,XIRECS,5265.0,7,1,sell,Mark 01,-7,VELVETFRUIT_EXTRACT,5265,66,5267,10,5266.0,2,76,-1.0,0.0,-2.0,at_bid,taker_proxy,-1.0,5266.5,5266.5,5267.5,5270.0,-0.5,-1.5,-0.5,-1.5,-1.5,-2.5,-4.0,-5.0,0.0411,0.4747
856600,Mark 14,Mark 55,VELVETFRUIT_EXTRACT,XIRECS,5269.0,3,1,sell,Mark 14,-3,VELVETFRUIT_EXTRACT,5269,23,5274,53,5271.5,5,76,-2.5,0.0,-5.0,at_bid,taker_proxy,-1.0,5272.0,5272.0,5271.5,5271.5,-0.5,-3.0,-0.5,-3.0,-0.0,-2.5,-0.0,-2.5,0.8202,0.4747
868700,Mark 01,Mark 55,VELVETFRUIT_EXTRACT,XIRECS,5246.0,4,1,sell,Mark 01,-4,VELVETFRUIT_EXTRACT,5246,63,5251,19,5248.5,5,82,-2.5,0.0,-5.0,at_bid,taker_proxy,-1.0,5248.5,5248.5,5246.5,5244.5,-0.0,-2.5,-0.0,-2.5,2.0,-0.5,4.0,1.5,0.8202,0.6118
869600,Mark 14,Mark 55,VELVETFRUIT_EXTRACT,XIRECS,5241.0,5,1,sell,Mark 14,-5,VELVETFRUIT_EXTRACT,5241,25,5246,25,5243.5,5,50,-2.5,0.0,-5.0,at_bid,taker_proxy,-1.0,5246.5,5246.5,5245.5,5246.5,-3.0,-5.5,-3.0,-5.5,-2.0,-4.5,-3.0,-5.5,0.8202,0.275
871500,Mark 01,Mark 55,VELVETFRUIT_EXTRACT,XIRECS,5241.0,8,1,sell,Mark 01,-8,VELVETFRUIT_EXTRACT,5241,57,5246,20,5243.5,5,77,-2.5,0.0,-5.0,at_bid,taker_proxy,-1.0,5244.5,5244.5,5244.5,5243.5,-1.0,-3.5,-1.0,-3.5,-1.0,-3.5,-0.0,-2.5,0.8202,0.4983
873600,Mark 14,Mark 55,VELVETFRUIT_EXTRACT,XIRECS,5238.0,7,1,sell,Mark 14,-7,VELVETFRUIT_EXTRACT,5238,15,5243,15,5240.5,5,30,-2.5,0.0,-5.0,at_bid,taker_proxy,-1.0,5241.5,5241.5,5241.5,5242.5,-1.0,-3.5,-1.0,-3.5,-1.0,-3.5,-2.0,-4.5,0.8202,0.0459
874400,Mark 55,Mark 01,VELVETFRUIT_EXTRACT,XIRECS,5246.0,3,1,buy,Mark 01,3,VELVETFRUIT_EXTRACT,5241,21,5246,71,5243.5,5,92,2.5,5.0,0.0,at_ask,taker_proxy,1.0,5242.5,5242.5,5243.0,5244.5,-1.0,-3.5,-1.0,-3.5,-0.5,-3.0,1.0,-1.5,0.8202,0.7794
876500,Mark 55,Mark 01,VELVETFRUIT_EXTRACT,XIRECS,5242.0,6,1,buy,Mark 01,6,VELVETFRUIT_EXTRACT,5237,16,5242,60,5239.5,5,76,2.5,5.0,0.0,at_ask,taker_proxy,1.0,5237.5,5237.5,5237.0,5237.5,-2.0,-4.5,-2.0,-4.5,-2.5,-5.0,-2.0,-4.5,0.8202,0.4747
876800,Mark 55,Mark 01,VELVETFRUIT_EXTRACT,XIRECS,5240.0,8,1,buy,Mark 01,8,VELVETFRUIT_EXTRACT,5235,23,5240,70,5237.5,5,93,2.5,5.0,0.0,at_ask,taker_proxy,1.0,5237.0,5237.0,5237.5,5237.5,-0.5,-3.0,-0.5,-3.0,0.0,-2.5,0.0,-2.5,0.8202,0.7892
877600,Mark 55,Mark 14,VELVETFRUIT_EXTRACT,XIRECS,5239.0,5,1,buy,Mark 14,5,VELVETFRUIT_EXTRACT,5234,17,5239,17,5236.5,5,34,2.5,5.0,0.0,at_ask,taker_proxy,1.0,5236.5,5236.5,5238.5,5237.0,0.0,-2.5,0.0,-2.5,2.0,-0.5,0.5,-2.0,0.8202,0.1006
878500,Mark 55,Mark 14,VELVETFRUIT_EXTRACT,XIRECS,5239.0,4,1,buy,Mark 14,4,VELVETFRUIT_EXTRACT,5234,72,5239,25,5236.5,5,97,2.5,5.0,0.0,at_ask,taker_proxy,1.0,5237.5,5237.5,5238.5,5236.5,1.0,-1.5,1.0,-1.5,2.0,-0.5,0.0,-2.5,0.8202,0.8189
881800,Mark 14,Mark 55,VELVETFRUIT_EXTRACT,XIRECS,5244.0,4,1,sell,Mark 14,-4,VELVETFRUIT_EXTRACT,5244,24,5249,68,5246.5,5,92,-2.5,0.0,-5.0,at_bid,taker_proxy,-1.0,5246.0,5246.0,5244.5,5247.5,0.5,-2.0,0.5,-2.0,2.0,-0.5,-1.0,-3.5,0.8202,0.7794
883800,Mark 14,Mark 55,VELVETFRUIT_EXTRACT,XIRECS,5251.0,8,1,sell,Mark 14,-8,VELVETFRUIT_EXTRACT,5251,25,5253,8,5252.0,2,33,-1.0,0.0,-2.0,at_bid,taker_proxy,-1.0,5253.5,5253.5,5254.5,5255.5,-1.5,-2.5,-1.5,-2.5,-2.5,-3.5,-3.5,-4.5,0.0411,0.0768
883900,Mark 14,Mark 55,VELVETFRUIT_EXTRACT,XIRECS,5251.0,3,1,sell,Mark 14,-3,VELVETFRUIT_EXTRACT,5251,17,5256,65,5253.5,5,82,-2.5,0.0,-5.0,at_bid,taker_proxy,-1.0,5254.5,5254.5,5255.0,5256.5,-1.0,-3.5,-1.0,-3.5,-1.5,-4.0,-3.0,-5.5,0.8202,0.6118
884200,Mark 14,Mark 55,VELVETFRUIT_EXTRACT,XIRECS,5253.0,4,1,sell,Mark 14,-4,VELVETFRUIT_EXTRACT,5253,21,5258,61,5255.5,5,82,-2.5,0.0,-5.0,at_bid,taker_proxy,-1.0,5255.5,5255.5,5256.5,5256.5,-0.0,-2.5,-0.0,-2.5,-1.0,-3.5,-1.0,-3.5,0.8202,0.6118
884600,Mark 01,Mark 55,VELVETFRUIT_EXTRACT,XIRECS,5254.0,7,1,sell,Mark 01,-7,VELVETFRUIT_EXTRACT,5254,52,5259,15,5256.5,5,67,-2.5,0.0,-5.0,at_bid,taker_proxy,-1.0,5256.5,5256.5,5256.5,5255.5,-0.0,-2.5,-0.0,-2.5,-0.0,-2.5,1.0,-1.5,0.8202,0.3321
886600,Mark 55,Mark 01,VELVETFRUIT_EXTRACT,XIRECS,5259.0,5,1,buy,Mark 01,5,VELVETFRUIT_EXTRACT,5253,56,5259,56,5256.0,6,112,3.0,6.0,0.0,at_ask,taker_proxy,1.0,5255.5,5255.5,5255.5,5256.5,-0.5,-3.5,-0.5,-3.5,-0.5,-3.5,0.5,-2.5,1.0,0.8789
890200,Mark 01,Mark 55,VELVETFRUIT_EXTRACT,XIRECS,5240.0,4,1,sell,Mark 01,-4,VELVETFRUIT_EXTRACT,5240,52,5245,21,5242.5,5,73,-2.5,0.0,-5.0,at_bid,taker_proxy,-1.0,5243.5,5243.5,5244.5,5246.5,-1.0,-3.5,-1.0,-3.5,-2.0,-4.5,-4.0,-6.5,0.8202,0.4183
891000,Mark 14,Mark 55,VELVETFRUIT_EXTRACT,XIRECS,5245.0,3,1,sell,Mark 14,-3,VELVETFRUIT_EXTRACT,5245,22,5250,22,5247.5,5,44,-2.5,0.0,-5.0,at_bid,taker_proxy,-1.0,5248.5,5248.5,5249.5,5249.5,-1.0,-3.5,-1.0,-3.5,-2.0,-4.5,-2.0,-4.5,0.8202,0.2107
899700,Mark 01,Mark 55,VELVETFRUIT_EXTRACT,XIRECS,5247.0,5,1,sell,Mark 01,-5,VELVETFRUIT_EXTRACT,5247,53,5252,23,5249.5,5,76,-2.5,0.0,-5.0,at_bid,taker_proxy,-1.0,5250.5,5250.5,5249.5,5251.5,-1.0,-3.5,-1.0,-3.5,-0.0,-2.5,-2.0,-4.5,0.8202,0.4747
901000,Mark 55,Mark 01,VELVETFRUIT_EXTRACT,XIRECS,5255.0,7,1,buy,Mark 01,7,VELVETFRUIT_EXTRACT,5250,15,5255,52,5252.5,5,67,2.5,5.0,0.0,at_ask,taker_proxy,1.0,5251.0,5251.0,5252.5,5254.0,-1.5,-4.0,-1.5,-4.0,0.0,-2.5,1.5,-1.0,0.8202,0.3321
901900,Mark 14,Mark 55,VELVETFRUIT_EXTRACT,XIRECS,5253.0,3,1,sell,Mark 14,-3,VELVETFRUIT_EXTRACT,5253,17,5258,17,5255.5,5,34,-2.5,0.0,-5.0,at_bid,taker_proxy,-1.0,5255.5,5255.5,5255.5,5255.5,-0.0,-2.5,-0.0,-2.5,-0.0,-2.5,-0.0,-2.5,0.8202,0.1006
904000,Mark 55,Mark 14,VELVETFRUIT_EXTRACT,XIRECS,5261.0,6,1,buy,Mark 14,6,VELVETFRUIT_EXTRACT,5256,18,5261,18,5258.5,5,36,2.5,5.0,0.0,at_ask,taker_proxy,1.0,5258.5,5258.5,5259.5,5255.0,0.0,-2.5,0.0,-2.5,1.0,-1.5,-3.5,-6.0,0.8202,0.1232
905200,Mark 14,Mark 55,VELVETFRUIT_EXTRACT,XIRECS,5257.0,6,1,sell,Mark 14,-6,VELVETFRUIT_EXTRACT,5257,22,5262,22,5259.5,5,44,-2.5,0.0,-5.0,at_bid,taker_proxy,-1.0,5258.5,5258.5,5257.5,5256.5,1.0,-1.5,1.0,-1.5,2.0,-0.5,3.0,0.5,0.8202,0.2107
907000,Mark 55,Mark 14,VELVETFRUIT_EXTRACT,XIRECS,5255.0,4,1,buy,Mark 14,4,VELVETFRUIT_EXTRACT,5250,22,5255,22,5252.5,5,44,2.5,5.0,0.0,at_ask,taker_proxy,1.0,5253.5,5253.5,5254.0,5253.5,1.0,-1.5,1.0,-1.5,1.5,-1.0,1.0,-1.5,0.8202,0.2107
907300,Mark 14,Mark 55,VELVETFRUIT_EXTRACT,XIRECS,5252.0,4,1,sell,Mark 14,-4,VELVETFRUIT_EXTRACT,5252,16,5257,55,5254.5,5,71,-2.5,0.0,-5.0,at_bid,taker_proxy,-1.0,5254.5,5254.5,5253.5,5255.0,-0.0,-2.5,-0.0,-2.5,1.0,-1.5,-0.5,-3.0,0.8202,0.3867
911600,Mark 55,Mark 01,VELVETFRUIT_EXTRACT,XIRECS,5264.0,5,1,buy,Mark 01,5,VELVETFRUIT_EXTRACT,5259,16,5264,57,5261.5,5,73,2.5,5.0,0.0,at_ask,taker_proxy,1.0,5262.5,5262.5,5263.0,5264.5,1.0,-1.5,1.0,-1.5,1.5,-1.0,3.0,0.5,0.8202,0.4183
913100,Mark 14,Mark 55,VELVETFRUIT_EXTRACT,XIRECS,5260.0,7,1,sell,Mark 14,-7,VELVETFRUIT_EXTRACT,5260,25,5265,25,5262.5,5,50,-2.5,0.0,-5.0,at_bid,taker_proxy,-1.0,5263.5,5263.5,5262.5,5263.5,-1.0,-3.5,-1.0,-3.5,-0.0,-2.5,-1.0,-3.5,0.8202,0.275
917300,Mark 55,Mark 01,VELVETFRUIT_EXTRACT,XIRECS,5266.0,6,1,buy,Mark 01,6,VELVETFRUIT_EXTRACT,5260,66,5266,66,5263.0,6,132,3.0,6.0,0.0,at_ask,taker_proxy,1.0,5263.0,5263.0,5263.5,5262.5,0.0,-3.0,0.0,-3.0,0.5,-2.5,-0.5,-3.5,1.0,0.9608
923000,Mark 14,Mark 55,VELVETFRUIT_EXTRACT,XIRECS,5270.0,6,1,sell,Mark 14,-6,VELVETFRUIT_EXTRACT,5270,20,5275,20,5272.5,5,40,-2.5,0.0,-5.0,at_bid,taker_proxy,-1.0,5273.5,5273.5,5275.5,5271.5,-1.0,-3.5,-1.0,-3.5,-3.0,-5.5,1.0,-1.5,0.8202,0.1672
931200,Mark 01,Mark 55,VELVETFRUIT_EXTRACT,XIRECS,5271.0,6,1,sell,Mark 01,-6,VELVETFRUIT_EXTRACT,5271,60,5276,21,5273.5,5,81,-2.5,0.0,-5.0,at_bid,taker_proxy,-1.0,5274.5,5274.5,5275.5,5275.5,-1.0,-3.5,-1.0,-3.5,-2.0,-4.5,-2.0,-4.5,0.8202,0.5903
936600,Mark 14,Mark 55,VELVETFRUIT_EXTRACT,XIRECS,5262.0,7,1,sell,Mark 14,-7,VELVETFRUIT_EXTRACT,5262,22,5267,59,5264.5,5,81,-2.5,0.0,-5.0,at_bid,taker_proxy,-1.0,5261.0,5261.0,5263.5,5263.0,3.5,1.0,3.5,1.0,1.0,-1.5,1.5,-1.0,0.8202,0.5903
937800,Mark 01,Mark 55,VELVETFRUIT_EXTRACT,XIRECS,5259.0,6,1,sell,Mark 01,-6,VELVETFRUIT_EXTRACT,5259,61,5265,61,5262.0,6,122,-3.0,0.0,-6.0,at_bid,taker_proxy,-1.0,5262.5,5262.5,5263.5,5262.5,-0.5,-3.5,-0.5,-3.5,-1.5,-4.5,-0.5,-3.5,1.0,0.9194
938200,Mark 55,Mark 14,VELVETFRUIT_EXTRACT,XIRECS,5266.0,3,1,buy,Mark 14,3,VELVETFRUIT_EXTRACT,5261,19,5266,19,5263.5,5,38,2.5,5.0,0.0,at_ask,taker_proxy,1.0,5262.5,5262.5,5262.5,5262.5,-1.0,-3.5,-1.0,-3.5,-1.0,-3.5,-1.0,-3.5,0.8202,0.146
944800,Mark 55,Mark 01,VELVETFRUIT_EXTRACT,XIRECS,5245.0,8,1,buy,Mark 01,8,VELVETFRUIT_EXTRACT,5239,53,5245,53,5242.0,6,106,3.0,6.0,0.0,at_ask,taker_proxy,1.0,5242.5,5242.5,5243.5,5245.5,0.5,-2.5,0.5,-2.5,1.5,-1.5,3.5,0.5,1.0,0.8536
946800,Mark 55,Mark 14,VELVETFRUIT_EXTRACT,XIRECS,5248.0,8,1,buy,Mark 14,8,VELVETFRUIT_EXTRACT,5243,21,5248,21,5245.5,5,42,2.5,5.0,0.0,at_ask,taker_proxy,1.0,5244.5,5244.5,5244.5,5247.5,-1.0,-3.5,-1.0,-3.5,-1.0,-3.5,2.0,-0.5,0.8202,0.1898
951500,Mark 55,Mark 01,VELVETFRUIT_EXTRACT,XIRECS,5262.0,6,1,buy,Mark 01,6,VELVETFRUIT_EXTRACT,5257,19,5262,54,5259.5,5,73,2.5,5.0,0.0,at_ask,taker_proxy,1.0,5259.5,5259.5,5259.5,5259.5,0.0,-2.5,0.0,-2.5,0.0,-2.5,0.0,-2.5,0.8202,0.4183
960700,Mark 55,Mark 01,VELVETFRUIT_EXTRACT,XIRECS,5263.0,4,1,buy,Mark 01,4,VELVETFRUIT_EXTRACT,5257,67,5263,67,5260.0,6,134,3.0,6.0,0.0,at_ask,taker_proxy,1.0,5260.5,5260.5,5260.5,5263.0,0.5,-2.5,0.5,-2.5,0.5,-2.5,3.0,0.0,1.0,0.9683
963300,Mark 14,Mark 55,VELVETFRUIT_EXTRACT,XIRECS,5267.0,5,1,sell,Mark 14,-5,VELVETFRUIT_EXTRACT,5267,24,5272,70,5269.5,5,94,-2.5,0.0,-5.0,at_bid,taker_proxy,-1.0,5269.0,5269.0,5269.5,5270.5,0.5,-2.0,0.5,-2.0,-0.0,-2.5,-1.0,-3.5,0.8202,0.8003
963500,Mark 14,Mark 55,VELVETFRUIT_EXTRACT,XIRECS,5267.0,5,1,sell,Mark 14,-5,VELVETFRUIT_EXTRACT,5267,25,5272,25,5269.5,5,50,-2.5,0.0,-5.0,at_bid,taker_proxy,-1.0,5268.0,5268.0,5270.5,5273.5,1.5,-1.0,1.5,-1.0,-1.0,-3.5,-4.0,-6.5,0.8202,0.275
965000,Mark 01,Mark 55,VELVETFRUIT_EXTRACT,XIRECS,5272.0,4,1,sell,Mark 01,-4,VELVETFRUIT_EXTRACT,5272,63,5277,24,5274.5,5,87,-2.5,0.0,-5.0,at_bid,taker_proxy,-1.0,5275.5,5275.5,5275.5,5273.5,-1.0,-3.5,-1.0,-3.5,-1.0,-3.5,1.0,-1.5,0.8202,0.7115
966200,Mark 01,Mark 55,VELVETFRUIT_EXTRACT,XIRECS,5268.0,7,1,sell,Mark 01,-7,VELVETFRUIT_EXTRACT,5268,61,5273,18,5270.5,5,79,-2.5,0.0,-5.0,at_bid,taker_proxy,-1.0,5272.5,5272.5,5273.5,5273.5,-2.0,-4.5,-2.0,-4.5,-3.0,-5.5,-3.0,-5.5,0.8202,0.5428
972800,Mark 01,Mark 55,VELVETFRUIT_EXTRACT,XIRECS,5256.0,3,1,sell,Mark 01,-3,VELVETFRUIT_EXTRACT,5256,49,5262,49,5259.0,6,98,-3.0,0.0,-6.0,at_bid,taker_proxy,-1.0,5259.5,5259.5,5259.5,5258.5,-0.5,-3.5,-0.5,-3.5,-0.5,-3.5,0.5,-2.5,1.0,0.8264
973300,Mark 55,Mark 01,VELVETFRUIT_EXTRACT,XIRECS,5261.0,8,1,buy,Mark 01,8,VELVETFRUIT_EXTRACT,5256,23,5261,59,5258.5,5,82,2.5,5.0,0.0,at_ask,taker_proxy,1.0,5257.5,5257.5,5257.5,5255.5,-1.0,-3.5,-1.0,-3.5,-1.0,-3.5,-3.0,-5.5,0.8202,0.6118
975400,Mark 01,Mark 55,VELVETFRUIT_EXTRACT,XIRECS,5255.0,3,1,sell,Mark 01,-3,VELVETFRUIT_EXTRACT,5255,73,5260,25,5257.5,5,98,-2.5,0.0,-5.0,at_bid,taker_proxy,-1.0,5256.5,5256.5,5257.5,5258.0,1.0,-1.5,1.0,-1.5,-0.0,-2.5,-0.5,-3.0,0.8202,0.8264
982000,Mark 55,Mark 01,VELVETFRUIT_EXTRACT,XIRECS,5257.0,3,1,buy,Mark 01,3,VELVETFRUIT_EXTRACT,5252,18,5257,54,5254.5,5,72,2.5,5.0,0.0,at_ask,taker_proxy,1.0,5254.5,5254.5,5253.0,5253.5,0.0,-2.5,0.0,-2.5,-1.5,-4.0,-1.0,-3.5,0.8202,0.4027
984900,Mark 55,Mark 14,VELVETFRUIT_EXTRACT,XIRECS,5254.0,6,1,buy,Mark 14,6,VELVETFRUIT_EXTRACT,5249,22,5254,22,5251.5,5,44,2.5,5.0,0.0,at_ask,taker_proxy,1.0,5251.5,5251.5,5251.5,5252.5,0.0,-2.5,0.0,-2.5,0.0,-2.5,1.0,-1.5,0.8202,0.2107
988000,Mark 55,Mark 01,VELVETFRUIT_EXTRACT,XIRECS,5256.0,4,1,buy,Mark 01,4,VELVETFRUIT_EXTRACT,5251,16,5256,50,5253.5,5,66,2.5,5.0,0.0,at_ask,taker_proxy,1.0,5253.5,5253.5,5254.5,5252.5,0.0,-2.5,0.0,-2.5,1.0,-1.5,-1.0,-3.5,0.8202,0.3221
991500,Mark 14,Mark 55,VELVETFRUIT_EXTRACT,XIRECS,5260.0,4,1,sell,Mark 14,-4,VELVETFRUIT_EXTRACT,5260,16,5265,63,5262.5,5,79,-2.5,0.0,-5.0,at_bid,taker_proxy,-1.0,5262.5,5262.5,5262.5,5263.0,-0.0,-2.5,-0.0,-2.5,-0.0,-2.5,-0.5,-3.0,0.8202,0.5428
991600,Mark 14,Mark 55,VELVETFRUIT_EXTRACT,XIRECS,5260.0,7,1,sell,Mark 14,-7,VELVETFRUIT_EXTRACT,5260,16,5265,57,5262.5,5,73,-2.5,0.0,-5.0,at_bid,taker_proxy,-1.0,5262.5,5262.5,5261.5,5262.5,-0.0,-2.5,-0.0,-2.5,1.0,-1.5,-0.0,-2.5,0.8202,0.4183
2700,Mark 01,Mark 55,VELVETFRUIT_EXTRACT,XIRECS,5269.0,8,2,sell,Mark 01,-8,VELVETFRUIT_EXTRACT,5269,69,5275,69,5272.0,6,138,-3.0,0.0,-6.0,at_bid,taker_proxy,-1.0,5271.5,5271.5,5269.5,5273.0,0.5,-2.5,0.5,-2.5,2.5,-0.5,-1.0,-4.0,1.0,0.9856
2900,Mark 55,Mark 14,VELVETFRUIT_EXTRACT,XIRECS,5272.0,8,2,buy,Mark 14,8,VELVETFRUIT_EXTRACT,5267,25,5272,25,5269.5,5,50,2.5,5.0,0.0,at_ask,taker_proxy,1.0,5270.5,5270.5,5272.5,5274.5,1.0,-1.5,1.0,-1.5,3.0,0.5,5.0,2.5,0.8155,0.2722
4800,Mark 55,Mark 14,VELVETFRUIT_EXTRACT,XIRECS,5273.0,3,2,buy,Mark 14,3,VELVETFRUIT_EXTRACT,5268,63,5273,21,5270.5,5,84,2.5,5.0,0.0,at_ask,taker_proxy,1.0,5272.5,5272.5,5273.0,5273.5,2.0,-0.5,2.0,-0.5,2.5,0.0,3.0,0.5,0.8155,0.6554
5700,Mark 01,Mark 55,VELVETFRUIT_EXTRACT,XIRECS,5273.0,5,2,sell,Mark 01,-5,VELVETFRUIT_EXTRACT,5273,69,5279,69,5276.0,6,138,-3.0,0.0,-6.0,at_bid,taker_proxy,-1.0,5274.5,5274.5,5276.0,5275.5,1.5,-1.5,1.5,-1.5,-0.0,-3.0,0.5,-2.5,1.0,0.9856
9900,Mark 22,Mark 55,VELVETFRUIT_EXTRACT,XIRECS,5261.0,5,2,sell,Mark 22,-5,VELVETFRUIT_EXTRACT,5261,5,5265,60,5263.0,4,65,-2.0,0.0,-4.0,at_bid,taker_proxy,-1.0,5262.5,5262.5,5263.0,5262.0,0.5,-1.5,0.5,-1.5,-0.0,-2.0,1.0,-1.0,0.0779,0.3108
10700,Mark 55,Mark 14,VELVETFRUIT_EXTRACT,XIRECS,5265.0,4,2,buy,Mark 14,4,VELVETFRUIT_EXTRACT,5260,22,5265,22,5262.5,5,44,2.5,5.0,0.0,at_ask,taker_proxy,1.0,5261.0,5261.0,5261.5,5264.5,-1.5,-4.0,-1.5,-4.0,-1.0,-3.5,2.0,-0.5,0.8155,0.2058
12600,Mark 01,Mark 55,VELVETFRUIT_EXTRACT,XIRECS,5264.0,3,2,sell,Mark 01,-3,VELVETFRUIT_EXTRACT,5264,58,5269,18,5266.5,5,76,-2.5,0.0,-5.0,at_bid,taker_proxy,-1.0,5265.0,5265.0,5265.5,5266.0,1.5,-1.0,1.5,-1.0,1.0,-1.5,0.5,-2.0,0.8155,0.4817
13900,Mark 55,Mark 14,VELVETFRUIT_EXTRACT,XIRECS,5269.0,4,2,buy,Mark 14,4,VELVETFRUIT_EXTRACT,5264,15,5269,15,5266.5,5,30,2.5,5.0,0.0,at_ask,taker_proxy,1.0,5266.5,5266.5,5266.5,5266.5,0.0,-2.5,0.0,-2.5,0.0,-2.5,0.0,-2.5,0.8155,0.0446
16300,Mark 55,Mark 01,VELVETFRUIT_EXTRACT,XIRECS,5275.0,5,2,buy,Mark 01,5,VELVETFRUIT_EXTRACT,5270,16,5275,55,5272.5,5,71,2.5,5.0,0.0,at_ask,taker_proxy,1.0,5273.0,5273.0,5273.5,5273.0,0.5,-2.0,0.5,-2.0,1.0,-1.5,0.5,-2.0,0.8155,0.3863
17400,Mark 14,Mark 55,VELVETFRUIT_EXTRACT,XIRECS,5274.0,3,2,sell,Mark 14,-3,VELVETFRUIT_EXTRACT,5274,17,5279,66,5276.5,5,83,-2.5,0.0,-5.0,at_bid,taker_proxy,-1.0,5276.5,5276.5,5275.5,5273.5,-0.0,-2.5,-0.0,-2.5,1.0,-1.5,3.0,0.5,0.8155,0.6355
23100,Mark 01,Mark 55,VELVETFRUIT_EXTRACT,XIRECS,5264.0,4,2,sell,Mark 01,-4,VELVETFRUIT_EXTRACT,5264,58,5270,58,5267.0,6,116,-3.0,0.0,-6.0,at_bid,taker_proxy,-1.0,5266.5,5266.5,5264.5,5262.5,0.5,-2.5,0.5,-2.5,2.5,-0.5,4.5,1.5,1.0,0.8972
25500,Mark 14,Mark 55,VELVETFRUIT_EXTRACT,XIRECS,5264.0,6,2,sell,Mark 14,-6,VELVETFRUIT_EXTRACT,5264,24,5269,68,5266.5,5,92,-2.5,0.0,-5.0,at_bid,taker_proxy,-1.0,5266.5,5266.5,5266.5,5267.5,-0.0,-2.5,-0.0,-2.5,-0.0,-2.5,-1.0,-3.5,0.8155,0.7762
26500,Mark 55,Mark 14,VELVETFRUIT_EXTRACT,XIRECS,5269.0,6,2,buy,Mark 14,6,VELVETFRUIT_EXTRACT,5264,21,5269,21,5266.5,5,42,2.5,5.0,0.0,at_ask,taker_proxy,1.0,5266.5,5266.5,5267.5,5266.5,0.0,-2.5,0.0,-2.5,1.0,-1.5,0.0,-2.5,0.8155,0.1844
32500,Mark 55,Mark 22,VELVETFRUIT_EXTRACT,XIRECS,5266.0,4,2,buy,Mark 22,4,VELVETFRUIT_EXTRACT,5264,19,5266,5,5265.0,2,24,1.0,2.0,0.0,at_ask,taker_proxy,1.0,5266.5,5266.5,5266.5,5268.5,1.5,0.5,1.5,0.5,1.5,0.5,3.5,2.5,0.04,0.0057
33300,Mark 55,Mark 01,VELVETFRUIT_EXTRACT,XIRECS,5271.0,7,2,buy,Mark 01,7,VELVETFRUIT_EXTRACT,5266,20,5271,67,5268.5,5,87,2.5,5.0,0.0,at_ask,taker_proxy,1.0,5267.5,5267.5,5268.5,5269.0,-1.0,-3.5,-1.0,-3.5,0.0,-2.5,0.5,-2.0,0.8155,0.7093
35700,Mark 55,Mark 14,VELVETFRUIT_EXTRACT,XIRECS,5270.0,3,2,buy,Mark 14,3,VELVETFRUIT_EXTRACT,5265,20,5270,20,5267.5,5,40,2.5,5.0,0.0,at_ask,taker_proxy,1.0,5266.5,5266.5,5268.0,5268.5,-1.0,-3.5,-1.0,-3.5,0.5,-2.0,1.0,-1.5,0.8155,0.1632
35800,Mark 14,Mark 55,VELVETFRUIT_EXTRACT,XIRECS,5264.0,7,2,sell,Mark 14,-7,VELVETFRUIT_EXTRACT,5264,19,5269,64,5266.5,5,83,-2.5,0.0,-5.0,at_bid,taker_proxy,-1.0,5268.0,5268.0,5265.5,5266.5,-1.5,-4.0,-1.5,-4.0,1.0,-1.5,-0.0,-2.5,0.8155,0.6355
36100,Mark 55,Mark 01,VELVETFRUIT_EXTRACT,XIRECS,5271.0,4,2,buy,Mark 01,4,VELVETFRUIT_EXTRACT,5266,22,5271,68,5268.5,5,90,2.5,5.0,0.0,at_ask,taker_proxy,1.0,5268.5,5268.5,5266.5,5268.5,0.0,-2.5,0.0,-2.5,-2.0,-4.5,0.0,-2.5,0.8155,0.7527
38400,Mark 14,Mark 55,VELVETFRUIT_EXTRACT,XIRECS,5265.0,8,2,sell,Mark 14,-8,VELVETFRUIT_EXTRACT,5265,23,5270,55,5267.5,5,78,-2.5,0.0,-5.0,at_bid,taker_proxy,-1.0,5267.0,5267.0,5267.0,5268.5,0.5,-2.0,0.5,-2.0,0.5,-2.0,-1.0,-3.5,0.8155,0.5249
41700,Mark 55,Mark 01,VELVETFRUIT_EXTRACT,XIRECS,5254.0,5,2,buy,Mark 01,5,VELVETFRUIT_EXTRACT,5249,23,5254,58,5251.5,5,81,2.5,5.0,0.0,at_ask,taker_proxy,1.0,5252.0,5252.0,5250.5,5252.5,0.5,-2.0,0.5,-2.0,-1.0,-3.5,1.0,-1.5,0.8155,0.5935
42000,Mark 14,Mark 55,VELVETFRUIT_EXTRACT,XIRECS,5247.0,8,2,sell,Mark 14,-8,VELVETFRUIT_EXTRACT,5247,23,5252,23,5249.5,5,46,-2.5,0.0,-5.0,at_bid,taker_proxy,-1.0,5251.0,5251.0,5252.5,5253.5,-1.5,-4.0,-1.5,-4.0,-3.0,-5.5,-4.0,-6.5,0.8155,0.2292
43000,Mark 01,Mark 55,VELVETFRUIT_EXTRACT,XIRECS,5250.0,8,2,sell,Mark 01,-8,VELVETFRUIT_EXTRACT,5250,58,5255,15,5252.5,5,73,-2.5,0.0,-5.0,at_bid,taker_proxy,-1.0,5253.0,5253.0,5253.0,5252.0,-0.5,-3.0,-0.5,-3.0,-0.5,-3.0,0.5,-2.0,0.8155,0.4217
44700,Mark 14,Mark 55,VELVETFRUIT_EXTRACT,XIRECS,5255.0,8,2,sell,Mark 14,-8,VELVETFRUIT_EXTRACT,5255,22,5260,22,5257.5,5,44,-2.5,0.0,-5.0,at_bid,taker_proxy,-1.0,5258.0,5258.0,5256.5,5257.5,-0.5,-3.0,-0.5,-3.0,1.0,-1.5,-0.0,-2.5,0.8155,0.2058
46800,Mark 14,Mark 55,VELVETFRUIT_EXTRACT,XIRECS,5256.0,8,2,sell,Mark 14,-8,VELVETFRUIT_EXTRACT,5256,24,5261,69,5258.5,5,93,-2.5,0.0,-5.0,at_bid,taker_proxy,-1.0,5258.5,5258.5,5258.5,5258.0,-0.0,-2.5,-0.0,-2.5,-0.0,-2.5,0.5,-2.0,0.8155,0.7845
48100,Mark 55,Mark 01,VELVETFRUIT_EXTRACT,XIRECS,5261.0,7,2,buy,Mark 01,7,VELVETFRUIT_EXTRACT,5256,23,5261,55,5258.5,5,78,2.5,5.0,0.0,at_ask,taker_proxy,1.0,5259.5,5259.5,5259.0,5259.5,1.0,-1.5,1.0,-1.5,0.5,-2.0,1.0,-1.5,0.8155,0.5249
52600,Mark 55,Mark 01,VELVETFRUIT_EXTRACT,XIRECS,5263.0,8,2,buy,Mark 01,8,VELVETFRUIT_EXTRACT,5257,72,5263,72,5260.0,6,144,3.0,6.0,0.0,at_ask,taker_proxy,1.0,5259.5,5259.5,5259.5,5260.5,-0.5,-3.5,-0.5,-3.5,-0.5,-3.5,0.5,-2.5,1.0,0.9964
53200,Mark 55,Mark 01,VELVETFRUIT_EXTRACT,XIRECS,5264.0,5,2,buy,Mark 01,5,VELVETFRUIT_EXTRACT,5259,24,5264,69,5261.5,5,93,2.5,5.0,0.0,at_ask,taker_proxy,1.0,5261.5,5261.5,5261.5,5259.0,0.0,-2.5,0.0,-2.5,0.0,-2.5,-2.5,-5.0,0.8155,0.7845
53600,Mark 01,Mark 55,VELVETFRUIT_EXTRACT,XIRECS,5257.0,5,2,sell,Mark 01,-5,VELVETFRUIT_EXTRACT,5257,63,5262,23,5259.5,5,86,-2.5,0.0,-5.0,at_bid,taker_proxy,-1.0,5259.0,5259.0,5259.0,5258.5,0.5,-2.0,0.5,-2.0,0.5,-2.0,1.0,-1.5,0.8155,0.6904
59200,Mark 55,Mark 01,VELVETFRUIT_EXTRACT,XIRECS,5244.0,8,2,buy,Mark 01,8,VELVETFRUIT_EXTRACT,5239,25,5244,68,5241.5,5,93,2.5,5.0,0.0,at_ask,taker_proxy,1.0,5243.0,5243.0,5242.5,5241.5,1.5,-1.0,1.5,-1.0,1.0,-1.5,0.0,-2.5,0.8155,0.7845
64300,Mark 01,Mark 55,VELVETFRUIT_EXTRACT,XIRECS,5249.0,3,2,sell,Mark 01,-3,VELVETFRUIT_EXTRACT,5249,52,5255,52,5252.0,6,104,-3.0,0.0,-6.0,at_bid,taker_proxy,-1.0,5253.5,5253.5,5253.5,5251.5,-1.5,-4.5,-1.5,-4.5,-1.5,-4.5,0.5,-2.5,1.0,0.8445
