day,timestamp,product,side,side_sign,counterparty,price,quantity,notional,bid_price_1,bid_volume_1,ask_price_1,ask_volume_1,mid_price,spread,touch_depth,price_minus_mid,signed_mid_edge,price_minus_bid,price_minus_ask,book_relation,future_mid_t10,signed_trade_markout_t10,signed_mid_change_t10,future_mid_t50,signed_trade_markout_t50,signed_mid_change_t50,future_mid_t200,signed_trade_markout_t200,signed_mid_change_t200,future_mid_t500,signed_trade_markout_t500,signed_mid_change_t500,book_depth,spread_day_pctile,depth_day_pctile
1,4500,VEV_5400,buy,1,Mark 22,18.0,2,36.0,18,24,19,26,18.5,1,26,-0.5,0.5,0.0,-1.0,at_bid,18.5,0.5,0.0,18.5,0.5,0.0,18.5,0.5,0.0,18.0,0.0,-0.5,50,0.6136,0.7971
1,4500,VEV_5500,buy,1,Mark 22,8.0,2,16.0,8,24,9,26,8.5,1,26,-0.5,0.5,0.0,-1.0,at_bid,8.5,0.5,0.0,8.5,0.5,0.0,8.5,0.5,0.0,8.5,0.5,0.0,50,0.8473,0.7842
1,4500,VEV_6000,buy,1,Mark 22,0.0,2,0.0,0,24,1,26,0.5,1,26,-0.5,0.5,0.0,-1.0,at_bid,0.5,0.5,0.0,0.5,0.5,0.0,0.5,0.5,0.0,0.5,0.5,0.0,50,1.0,0.7759
1,4500,VEV_6500,buy,1,Mark 22,0.0,2,0.0,0,15,1,17,0.5,1,17,-0.5,0.5,0.0,-1.0,at_bid,0.5,0.5,0.0,0.5,0.5,0.0,0.5,0.5,0.0,0.5,0.5,0.0,32,1.0,0.6265
1,6100,VELVETFRUIT_EXTRACT,sell,-1,Mark 55,5255.0,3,15765.0,5250,24,5255,58,5252.5,5,24,2.5,2.5,5.0,0.0,at_ask,5252.5,2.5,-0.0,5252.5,2.5,-0.0,5252.5,2.5,-0.0,5250.5,4.5,2.0,82,0.8202,0.6118
1,9600,VEV_5400,buy,1,Mark 22,16.0,4,64.0,16,14,18,18,17.0,2,18,-1.0,1.0,0.0,-2.0,at_bid,16.5,0.5,-0.5,16.5,0.5,-0.5,17.0,1.0,0.0,16.5,0.5,-0.5,32,1.0,0.1132
1,9600,VEV_5500,buy,1,Mark 22,7.0,4,28.0,7,14,8,18,7.5,1,18,-0.5,0.5,0.0,-1.0,at_bid,7.5,0.5,0.0,7.5,0.5,0.0,7.5,0.5,0.0,7.5,0.5,0.0,32,0.8473,0.0746
1,9600,VEV_6000,buy,1,Mark 22,0.0,4,0.0,0,14,1,18,0.5,1,18,-0.5,0.5,0.0,-1.0,at_bid,0.5,0.5,0.0,0.5,0.5,0.0,0.5,0.5,0.0,0.5,0.5,0.0,32,1.0,0.048
1,9600,VEV_6500,buy,1,Mark 22,0.0,4,0.0,0,11,1,15,0.5,1,15,-0.5,0.5,0.0,-1.0,at_bid,0.5,0.5,0.0,0.5,0.5,0.0,0.5,0.5,0.0,0.5,0.5,0.0,26,1.0,0.2539
1,11800,VEV_5500,buy,1,Mark 22,7.0,4,28.0,7,22,8,26,7.5,1,26,-0.5,0.5,0.0,-1.0,at_bid,7.5,0.5,0.0,7.5,0.5,0.0,7.5,0.5,0.0,7.5,0.5,0.0,48,0.8473,0.6967
1,11800,VEV_6000,buy,1,Mark 22,0.0,4,0.0,0,22,1,26,0.5,1,26,-0.5,0.5,0.0,-1.0,at_bid,0.5,0.5,0.0,0.5,0.5,0.0,0.5,0.5,0.0,0.5,0.5,0.0,48,1.0,0.6842
1,11800,VEV_6500,buy,1,Mark 22,0.0,4,0.0,0,8,1,12,0.5,1,12,-0.5,0.5,0.0,-1.0,at_bid,0.5,0.5,0.0,0.5,0.5,0.0,0.5,0.5,0.0,0.5,0.5,0.0,20,1.0,0.0243
1,14300,VELVETFRUIT_EXTRACT,sell,-1,Mark 55,5238.0,6,31428.0,5233,25,5238,66,5235.5,5,25,2.5,2.5,5.0,0.0,at_ask,5233.5,4.5,2.0,5233.5,4.5,2.0,5234.5,3.5,1.0,5234.5,3.5,1.0,91,0.8202,0.7667
1,14800,VELVETFRUIT_EXTRACT,buy,1,Mark 55,5232.0,6,31392.0,5232,70,5237,21,5234.5,5,21,-2.5,2.5,0.0,-5.0,at_bid,5234.5,2.5,0.0,5234.5,2.5,0.0,5233.5,1.5,-1.0,5233.5,1.5,-1.0,91,0.8202,0.7667
1,14800,VEV_5300,buy,1,Mark 22,42.0,4,168.0,42,16,44,20,43.0,2,20,-1.0,1.0,0.0,-2.0,at_bid,43.0,1.0,0.0,43.0,1.0,0.0,42.5,0.5,-0.5,43.0,1.0,0.0,36,0.8697,0.3713
1,14800,VEV_5400,buy,1,Mark 22,14.0,4,56.0,14,16,16,20,15.0,2,20,-1.0,1.0,0.0,-2.0,at_bid,14.5,0.5,-0.5,14.5,0.5,-0.5,14.5,0.5,-0.5,14.5,0.5,-0.5,36,1.0,0.2241
1,14800,VEV_5500,buy,1,Mark 22,6.0,4,24.0,6,16,7,20,6.5,1,20,-0.5,0.5,0.0,-1.0,at_bid,6.5,0.5,0.0,6.5,0.5,0.0,6.5,0.5,0.0,6.5,0.5,0.0,36,0.8473,0.182
1,14800,VEV_6000,buy,1,Mark 22,0.0,4,0.0,0,16,1,20,0.5,1,20,-0.5,0.5,0.0,-1.0,at_bid,0.5,0.5,0.0,0.5,0.5,0.0,0.5,0.5,0.0,0.5,0.5,0.0,36,1.0,0.1531
1,14800,VEV_6500,buy,1,Mark 22,0.0,4,0.0,0,9,1,13,0.5,1,13,-0.5,0.5,0.0,-1.0,at_bid,0.5,0.5,0.0,0.5,0.5,0.0,0.5,0.5,0.0,0.5,0.5,0.0,22,1.0,0.0743
1,16700,VEV_5300,buy,1,Mark 22,41.0,2,82.0,41,25,43,27,42.0,2,27,-1.0,1.0,0.0,-2.0,at_bid,42.0,1.0,0.0,42.0,1.0,0.0,41.0,0.0,-1.0,42.0,1.0,0.0,52,0.8697,0.8956
1,16700,VEV_5400,buy,1,Mark 22,14.0,2,28.0,14,25,15,27,14.5,1,27,-0.5,0.5,0.0,-1.0,at_bid,14.5,0.5,0.0,14.5,0.5,0.0,14.0,0.0,-0.5,14.5,0.5,0.0,52,0.6136,0.8679
1,16700,VEV_5500,buy,1,Mark 22,6.0,2,12.0,6,25,7,27,6.5,1,27,-0.5,0.5,0.0,-1.0,at_bid,6.5,0.5,0.0,6.5,0.5,0.0,6.5,0.5,0.0,6.5,0.5,0.0,52,0.8473,0.8583
1,16700,VEV_6000,buy,1,Mark 22,0.0,2,0.0,0,25,1,27,0.5,1,27,-0.5,0.5,0.0,-1.0,at_bid,0.5,0.5,0.0,0.5,0.5,0.0,0.5,0.5,0.0,0.5,0.5,0.0,52,1.0,0.8528
1,16700,VEV_6500,buy,1,Mark 22,0.0,2,0.0,0,14,1,16,0.5,1,16,-0.5,0.5,0.0,-1.0,at_bid,0.5,0.5,0.0,0.5,0.5,0.0,0.5,0.5,0.0,0.5,0.5,0.0,30,1.0,0.5029
1,31700,VELVETFRUIT_EXTRACT,sell,-1,Mark 55,5237.0,4,20948.0,5232,21,5237,52,5234.5,5,21,2.5,2.5,5.0,0.0,at_ask,5234.5,2.5,-0.0,5234.5,2.5,-0.0,5236.5,0.5,-2.0,5236.0,1.0,-1.5,73,0.8202,0.4183
1,32600,VELVETFRUIT_EXTRACT,sell,-1,Mark 55,5240.0,5,26200.0,5235,20,5240,58,5237.5,5,20,2.5,2.5,5.0,0.0,at_ask,5238.0,2.0,-0.5,5238.0,2.0,-0.5,5237.0,3.0,0.5,5240.0,-0.0,-2.5,78,0.8202,0.521
1,38500,VEV_5500,buy,1,Mark 22,6.0,5,30.0,6,18,7,23,6.5,1,23,-0.5,0.5,0.0,-1.0,at_bid,6.5,0.5,0.0,6.5,0.5,0.0,6.5,0.5,0.0,6.5,0.5,0.0,41,0.8473,0.3511
1,38500,VEV_6000,buy,1,Mark 22,0.0,5,0.0,0,18,1,23,0.5,1,23,-0.5,0.5,0.0,-1.0,at_bid,0.5,0.5,0.0,0.5,0.5,0.0,0.5,0.5,0.0,0.5,0.5,0.0,41,1.0,0.3255
1,38500,VEV_6500,buy,1,Mark 22,0.0,5,0.0,0,13,1,18,0.5,1,18,-0.5,0.5,0.0,-1.0,at_bid,0.5,0.5,0.0,0.5,0.5,0.0,0.5,0.5,0.0,0.5,0.5,0.0,31,1.0,0.5042
1,38700,VELVETFRUIT_EXTRACT,buy,1,Mark 55,5228.0,8,41824.0,5228,56,5234,56,5231.0,6,56,-3.0,3.0,0.0,-6.0,at_bid,5230.5,2.5,-0.5,5230.5,2.5,-0.5,5234.0,6.0,3.0,5234.5,6.5,3.5,112,1.0,0.8789
1,39800,VELVETFRUIT_EXTRACT,buy,1,Mark 55,5232.0,4,20928.0,5232,53,5238,53,5235.0,6,53,-3.0,3.0,0.0,-6.0,at_bid,5234.5,2.5,-0.5,5234.5,2.5,-0.5,5234.0,2.0,-1.0,5233.0,1.0,-2.0,106,1.0,0.8536
1,40400,VEV_5300,buy,1,Mark 22,41.0,4,164.0,41,24,43,28,42.0,2,28,-1.0,1.0,0.0,-2.0,at_bid,42.0,1.0,0.0,42.0,1.0,0.0,42.0,1.0,0.0,42.0,1.0,0.0,52,0.8697,0.8956
1,40400,VEV_5400,buy,1,Mark 22,14.0,4,56.0,14,24,15,28,14.5,1,28,-0.5,0.5,0.0,-1.0,at_bid,14.5,0.5,0.0,14.5,0.5,0.0,14.0,0.0,-0.5,14.0,0.0,-0.5,52,0.6136,0.8679
1,40400,VEV_5500,buy,1,Mark 22,6.0,4,24.0,6,24,7,28,6.5,1,28,-0.5,0.5,0.0,-1.0,at_bid,6.5,0.5,0.0,6.5,0.5,0.0,6.5,0.5,0.0,6.5,0.5,0.0,52,0.8473,0.8583
1,40400,VEV_6000,buy,1,Mark 22,0.0,4,0.0,0,24,1,28,0.5,1,28,-0.5,0.5,0.0,-1.0,at_bid,0.5,0.5,0.0,0.5,0.5,0.0,0.5,0.5,0.0,0.5,0.5,0.0,52,1.0,0.8528
1,40400,VEV_6500,buy,1,Mark 22,0.0,4,0.0,0,12,1,16,0.5,1,16,-0.5,0.5,0.0,-1.0,at_bid,0.5,0.5,0.0,0.5,0.5,0.0,0.5,0.5,0.0,0.5,0.5,0.0,28,1.0,0.3778
1,43400,VEV_5400,buy,1,Mark 22,13.0,5,65.0,13,16,15,21,14.0,2,21,-1.0,1.0,0.0,-2.0,at_bid,13.5,0.5,-0.5,13.5,0.5,-0.5,14.0,1.0,0.0,14.5,1.5,0.5,37,1.0,0.2278
1,43400,VEV_5500,buy,1,Mark 22,6.0,5,30.0,6,16,7,21,6.5,1,21,-0.5,0.5,0.0,-1.0,at_bid,6.0,0.0,-0.5,6.0,0.0,-0.5,6.5,0.5,0.0,6.5,0.5,0.0,37,0.8473,0.1836
1,43400,VEV_6000,buy,1,Mark 22,0.0,5,0.0,0,16,1,21,0.5,1,21,-0.5,0.5,0.0,-1.0,at_bid,0.5,0.5,0.0,0.5,0.5,0.0,0.5,0.5,0.0,0.5,0.5,0.0,37,1.0,0.1536
1,43400,VEV_6500,buy,1,Mark 22,0.0,5,0.0,0,10,1,15,0.5,1,15,-0.5,0.5,0.0,-1.0,at_bid,0.5,0.5,0.0,0.5,0.5,0.0,0.5,0.5,0.0,0.5,0.5,0.0,25,1.0,0.1499
1,43600,VELVETFRUIT_EXTRACT,buy,1,Mark 55,5229.0,4,20916.0,5229,60,5234,25,5231.5,5,25,-2.5,2.5,0.0,-5.0,at_bid,5232.5,3.5,1.0,5232.5,3.5,1.0,5233.5,4.5,2.0,5236.0,7.0,4.5,85,0.8202,0.6744
1,47700,VELVETFRUIT_EXTRACT,buy,1,Mark 55,5243.0,4,20972.0,5243,54,5245,9,5244.0,2,9,-1.0,1.0,0.0,-2.0,at_bid,5246.5,3.5,2.5,5246.5,3.5,2.5,5245.5,2.5,1.5,5244.5,1.5,0.5,63,0.0411,0.295
1,48900,VELVETFRUIT_EXTRACT,buy,1,Mark 55,5241.0,6,31446.0,5241,55,5246,25,5243.5,5,25,-2.5,2.5,0.0,-5.0,at_bid,5244.0,3.0,0.5,5244.0,3.0,0.5,5244.5,3.5,1.0,5243.5,2.5,0.0,80,0.8202,0.5676
1,49800,VELVETFRUIT_EXTRACT,buy,1,Mark 55,5244.0,3,15732.0,5244,73,5249,23,5246.5,5,23,-2.5,2.5,0.0,-5.0,at_bid,5247.5,3.5,1.0,5247.5,3.5,1.0,5247.5,3.5,1.0,5246.0,2.0,-0.5,96,0.8202,0.8151
1,50700,VEV_5400,buy,1,Mark 22,16.0,5,80.0,16,15,17,20,16.5,1,20,-0.5,0.5,0.0,-1.0,at_bid,16.0,0.0,-0.5,16.0,0.0,-0.5,16.0,0.0,-0.5,16.5,0.5,0.0,35,0.6136,0.167
1,50700,VEV_5500,buy,1,Mark 22,7.0,5,35.0,7,15,8,20,7.5,1,20,-0.5,0.5,0.0,-1.0,at_bid,7.0,0.0,-0.5,7.0,0.0,-0.5,7.0,0.0,-0.5,7.5,0.5,0.0,35,0.8473,0.1226
1,50700,VEV_6000,buy,1,Mark 22,0.0,5,0.0,0,15,1,20,0.5,1,20,-0.5,0.5,0.0,-1.0,at_bid,0.5,0.5,0.0,0.5,0.5,0.0,0.5,0.5,0.0,0.5,0.5,0.0,35,1.0,0.0926
1,50700,VEV_6500,buy,1,Mark 22,0.0,5,0.0,0,8,1,13,0.5,1,13,-0.5,0.5,0.0,-1.0,at_bid,0.5,0.5,0.0,0.5,0.5,0.0,0.5,0.5,0.0,0.5,0.5,0.0,21,1.0,0.0249
1,52800,VEV_5400,buy,1,Mark 22,16.0,3,48.0,16,18,17,6,16.5,1,6,-0.5,0.5,0.0,-1.0,at_bid,16.5,0.5,0.0,16.5,0.5,0.0,16.5,0.5,0.0,16.5,0.5,0.0,24,0.6136,0.0155
1,52800,VEV_5500,buy,1,Mark 22,7.0,3,21.0,7,18,8,21,7.5,1,21,-0.5,0.5,0.0,-1.0,at_bid,7.5,0.5,0.0,7.5,0.5,0.0,7.5,0.5,0.0,7.5,0.5,0.0,39,0.8473,0.2601
1,52800,VEV_6000,buy,1,Mark 22,0.0,3,0.0,0,18,1,21,0.5,1,21,-0.5,0.5,0.0,-1.0,at_bid,0.5,0.5,0.0,0.5,0.5,0.0,0.5,0.5,0.0,0.5,0.5,0.0,39,1.0,0.2311
1,52800,VEV_6500,buy,1,Mark 22,0.0,3,0.0,0,9,1,12,0.5,1,12,-0.5,0.5,0.0,-1.0,at_bid,0.5,0.5,0.0,0.5,0.5,0.0,0.5,0.5,0.0,0.5,0.5,0.0,21,1.0,0.0249
1,53400,VEV_6000,buy,1,Mark 22,0.0,2,0.0,0,17,1,19,0.5,1,19,-0.5,0.5,0.0,-1.0,at_bid,0.5,0.5,0.0,0.5,0.5,0.0,0.5,0.5,0.0,0.5,0.5,0.0,36,1.0,0.1531
1,53400,VEV_6500,buy,1,Mark 22,0.0,2,0.0,0,12,1,14,0.5,1,14,-0.5,0.5,0.0,-1.0,at_bid,0.5,0.5,0.0,0.5,0.5,0.0,0.5,0.5,0.0,0.5,0.5,0.0,26,1.0,0.2539
1,74100,VEV_5300,buy,1,Mark 22,42.0,3,126.0,42,22,44,25,43.0,2,25,-1.0,1.0,0.0,-2.0,at_bid,43.0,1.0,0.0,43.0,1.0,0.0,43.0,1.0,0.0,44.0,2.0,1.0,47,0.8697,0.7152
1,74100,VEV_5400,buy,1,Mark 22,14.0,3,42.0,14,22,15,25,14.5,1,25,-0.5,0.5,0.0,-1.0,at_bid,15.0,1.0,0.5,15.0,1.0,0.5,14.5,0.5,0.0,15.5,1.5,1.0,47,0.6136,0.634
1,74100,VEV_5500,buy,1,Mark 22,6.0,3,18.0,6,22,7,25,6.5,1,25,-0.5,0.5,0.0,-1.0,at_bid,6.5,0.5,0.0,6.5,0.5,0.0,6.5,0.5,0.0,6.5,0.5,0.0,47,0.8473,0.6117
1,74100,VEV_6000,buy,1,Mark 22,0.0,3,0.0,0,22,1,25,0.5,1,25,-0.5,0.5,0.0,-1.0,at_bid,0.5,0.5,0.0,0.5,0.5,0.0,0.5,0.5,0.0,0.5,0.5,0.0,47,1.0,0.5964
1,74100,VEV_6500,buy,1,Mark 22,0.0,3,0.0,0,17,1,20,0.5,1,20,-0.5,0.5,0.0,-1.0,at_bid,0.5,0.5,0.0,0.5,0.5,0.0,0.5,0.5,0.0,0.5,0.5,0.0,37,1.0,0.8512
1,82300,VELVETFRUIT_EXTRACT,buy,1,Mark 55,5235.0,3,15705.0,5235,67,5240,23,5237.5,5,23,-2.5,2.5,0.0,-5.0,at_bid,5238.5,3.5,1.0,5238.5,3.5,1.0,5237.0,2.0,-0.5,5235.5,0.5,-2.0,90,0.8202,0.7543
1,83200,VELVETFRUIT_EXTRACT,sell,-1,Mark 55,5237.0,7,36659.0,5231,61,5237,61,5234.0,6,61,3.0,3.0,6.0,0.0,at_ask,5234.0,3.0,-0.0,5234.0,3.0,-0.0,5235.5,1.5,-1.5,5235.0,2.0,-1.0,122,1.0,0.9194
1,85300,VEV_5400,buy,1,Mark 22,14.0,2,28.0,14,18,15,20,14.5,1,20,-0.5,0.5,0.0,-1.0,at_bid,14.5,0.5,0.0,14.5,0.5,0.0,14.5,0.5,0.0,14.5,0.5,0.0,38,0.6136,0.2998
1,85300,VEV_5500,buy,1,Mark 22,6.0,2,12.0,6,18,7,20,6.5,1,20,-0.5,0.5,0.0,-1.0,at_bid,6.5,0.5,0.0,6.5,0.5,0.0,6.5,0.5,0.0,6.5,0.5,0.0,38,0.8473,0.2588
1,85300,VEV_6000,buy,1,Mark 22,0.0,2,0.0,0,18,1,20,0.5,1,20,-0.5,0.5,0.0,-1.0,at_bid,0.5,0.5,0.0,0.5,0.5,0.0,0.5,0.5,0.0,0.5,0.5,0.0,38,1.0,0.2303
1,85300,VEV_6500,buy,1,Mark 22,0.0,2,0.0,0,12,1,14,0.5,1,14,-0.5,0.5,0.0,-1.0,at_bid,0.5,0.5,0.0,0.5,0.5,0.0,0.5,0.5,0.0,0.5,0.5,0.0,26,1.0,0.2539
1,86100,VEV_5400,buy,1,Mark 22,14.0,5,70.0,14,14,16,19,15.0,2,19,-1.0,1.0,0.0,-2.0,at_bid,15.0,1.0,0.0,15.0,1.0,0.0,15.0,1.0,0.0,14.5,0.5,-0.5,33,1.0,0.1182
1,86100,VEV_5500,buy,1,Mark 22,6.0,5,30.0,6,14,7,19,6.5,1,19,-0.5,0.5,0.0,-1.0,at_bid,6.5,0.5,0.0,6.5,0.5,0.0,6.5,0.5,0.0,6.5,0.5,0.0,33,0.8473,0.0769
1,86100,VEV_6000,buy,1,Mark 22,0.0,5,0.0,0,14,1,19,0.5,1,19,-0.5,0.5,0.0,-1.0,at_bid,0.5,0.5,0.0,0.5,0.5,0.0,0.5,0.5,0.0,0.5,0.5,0.0,33,1.0,0.0483
1,86100,VEV_6500,buy,1,Mark 22,0.0,5,0.0,0,15,1,20,0.5,1,20,-0.5,0.5,0.0,-1.0,at_bid,0.5,0.5,0.0,0.5,0.5,0.0,0.5,0.5,0.0,0.5,0.5,0.0,35,1.0,0.7536
1,89800,VEV_5300,buy,1,Mark 22,45.0,4,180.0,45,22,47,26,46.0,2,26,-1.0,1.0,0.0,-2.0,at_bid,46.0,1.0,0.0,46.0,1.0,0.0,46.0,1.0,0.0,46.0,1.0,0.0,48,0.8697,0.7773
1,89800,VEV_5400,buy,1,Mark 22,15.0,4,60.0,15,22,17,26,16.0,2,26,-1.0,1.0,0.0,-2.0,at_bid,16.0,1.0,0.0,16.0,1.0,0.0,15.5,0.5,-0.5,16.0,1.0,0.0,48,1.0,0.7135
1,89800,VEV_6000,buy,1,Mark 22,0.0,4,0.0,0,22,1,26,0.5,1,26,-0.5,0.5,0.0,-1.0,at_bid,0.5,0.5,0.0,0.5,0.5,0.0,0.5,0.5,0.0,0.5,0.5,0.0,48,1.0,0.6842
1,89800,VEV_6500,buy,1,Mark 22,0.0,4,0.0,0,12,1,16,0.5,1,16,-0.5,0.5,0.0,-1.0,at_bid,0.5,0.5,0.0,0.5,0.5,0.0,0.5,0.5,0.0,0.5,0.5,0.0,28,1.0,0.3778
1,93700,VELVETFRUIT_EXTRACT,sell,-1,Mark 55,5246.0,6,31476.0,5241,15,5246,62,5243.5,5,15,2.5,2.5,5.0,0.0,at_ask,5243.5,2.5,-0.0,5243.5,2.5,-0.0,5244.5,1.5,-1.0,5245.5,0.5,-2.0,77,0.8202,0.4983
1,93800,VELVETFRUIT_EXTRACT,sell,-1,Mark 55,5246.0,7,36722.0,5241,22,5246,54,5243.5,5,22,2.5,2.5,5.0,0.0,at_ask,5244.5,1.5,-1.0,5244.5,1.5,-1.0,5245.5,0.5,-2.0,5243.5,2.5,-0.0,76,0.8202,0.4747
1,107900,VELVETFRUIT_EXTRACT,sell,-1,Mark 55,5267.0,3,15801.0,5261,48,5267,48,5264.0,6,48,3.0,3.0,6.0,0.0,at_ask,5262.5,4.5,1.5,5262.5,4.5,1.5,5261.5,5.5,2.5,5264.0,3.0,-0.0,96,1.0,0.8151
1,110100,VELVETFRUIT_EXTRACT,buy,1,Mark 55,5265.0,4,21060.0,5265,59,5270,17,5267.5,5,17,-2.5,2.5,0.0,-5.0,at_bid,5267.5,2.5,0.0,5267.5,2.5,0.0,5267.5,2.5,0.0,5266.5,1.5,-1.0,76,0.8202,0.4747
1,120300,VEV_5400,buy,1,Mark 22,18.0,4,72.0,18,25,19,29,18.5,1,29,-0.5,0.5,0.0,-1.0,at_bid,18.5,0.5,0.0,18.5,0.5,0.0,19.0,1.0,0.5,19.5,1.5,1.0,54,0.6136,0.9224
1,120300,VEV_5500,buy,1,Mark 22,8.0,4,32.0,8,25,9,29,8.5,1,29,-0.5,0.5,0.0,-1.0,at_bid,8.5,0.5,0.0,8.5,0.5,0.0,8.5,0.5,0.0,8.5,0.5,0.0,54,0.8473,0.9167
1,120300,VEV_6000,buy,1,Mark 22,0.0,4,0.0,0,25,1,29,0.5,1,29,-0.5,0.5,0.0,-1.0,at_bid,0.5,0.5,0.0,0.5,0.5,0.0,0.5,0.5,0.0,0.5,0.5,0.0,54,1.0,0.9135
1,120300,VEV_6500,buy,1,Mark 22,0.0,4,0.0,0,14,1,18,0.5,1,18,-0.5,0.5,0.0,-1.0,at_bid,0.5,0.5,0.0,0.5,0.5,0.0,0.5,0.5,0.0,0.5,0.5,0.0,32,1.0,0.6265
1,123300,VELVETFRUIT_EXTRACT,buy,1,Mark 55,5262.0,7,36834.0,5262,62,5267,16,5264.5,5,16,-2.5,2.5,0.0,-5.0,at_bid,5264.5,2.5,0.0,5264.5,2.5,0.0,5264.5,2.5,0.0,5264.5,2.5,0.0,78,0.8202,0.521
1,127200,VEV_5500,buy,1,Mark 22,8.0,3,24.0,8,27,9,30,8.5,1,30,-0.5,0.5,0.0,-1.0,at_bid,8.5,0.5,0.0,8.5,0.5,0.0,9.0,1.0,0.5,9.0,1.0,0.5,57,0.8473,0.9577
1,127200,VEV_6000,buy,1,Mark 22,0.0,3,0.0,0,27,1,30,0.5,1,30,-0.5,0.5,0.0,-1.0,at_bid,0.5,0.5,0.0,0.5,0.5,0.0,0.5,0.5,0.0,0.5,0.5,0.0,57,1.0,0.9562
1,127200,VEV_6500,buy,1,Mark 22,0.0,3,0.0,0,9,1,12,0.5,1,12,-0.5,0.5,0.0,-1.0,at_bid,0.5,0.5,0.0,0.5,0.5,0.0,0.5,0.5,0.0,0.5,0.5,0.0,21,1.0,0.0249
1,131800,VELVETFRUIT_EXTRACT,buy,1,Mark 55,5261.0,5,26305.0,5261,57,5267,57,5264.0,6,57,-3.0,3.0,0.0,-6.0,at_bid,5262.5,1.5,-1.5,5262.5,1.5,-1.5,5262.5,1.5,-1.5,5264.0,3.0,0.0,114,1.0,0.8856
1,135200,VELVETFRUIT_EXTRACT,sell,-1,Mark 55,5264.0,8,42112.0,5258,67,5264,67,5261.0,6,67,3.0,3.0,6.0,0.0,at_ask,5259.5,4.5,1.5,5259.5,4.5,1.5,5258.5,5.5,2.5,5261.0,3.0,-0.0,134,1.0,0.9683
1,135900,VEV_5300,buy,1,Mark 22,52.0,3,156.0,52,24,54,27,53.0,2,27,-1.0,1.0,0.0,-2.0,at_bid,53.0,1.0,0.0,53.0,1.0,0.0,53.5,1.5,0.5,53.0,1.0,0.0,51,0.8697,0.841
1,135900,VEV_5400,buy,1,Mark 22,19.0,3,57.0,19,24,21,27,20.0,2,27,-1.0,1.0,0.0,-2.0,at_bid,20.0,1.0,0.0,20.0,1.0,0.0,20.0,1.0,0.0,20.0,1.0,0.0,51,1.0,0.7977
1,135900,VEV_5500,buy,1,Mark 22,8.0,3,24.0,8,24,9,27,8.5,1,27,-0.5,0.5,0.0,-1.0,at_bid,8.5,0.5,0.0,8.5,0.5,0.0,8.5,0.5,0.0,8.5,0.5,0.0,51,0.8473,0.7849
1,135900,VEV_6000,buy,1,Mark 22,0.0,3,0.0,0,24,1,27,0.5,1,27,-0.5,0.5,0.0,-1.0,at_bid,0.5,0.5,0.0,0.5,0.5,0.0,0.5,0.5,0.0,0.5,0.5,0.0,51,1.0,0.7767
1,135900,VEV_6500,buy,1,Mark 22,0.0,3,0.0,0,10,1,13,0.5,1,13,-0.5,0.5,0.0,-1.0,at_bid,0.5,0.5,0.0,0.5,0.5,0.0,0.5,0.5,0.0,0.5,0.5,0.0,23,1.0,0.0747
1,138000,VELVETFRUIT_EXTRACT,buy,1,Mark 55,5254.0,7,36778.0,5254,55,5259,24,5256.5,5,24,-2.5,2.5,0.0,-5.0,at_bid,5256.5,2.5,0.0,5256.5,2.5,0.0,5255.5,1.5,-1.0,5257.5,3.5,1.0,79,0.8202,0.5428
1,144500,VELVETFRUIT_EXTRACT,buy,1,Mark 55,5258.0,5,26290.0,5258,70,5263,21,5260.5,5,21,-2.5,2.5,0.0,-5.0,at_bid,5262.5,4.5,2.0,5262.5,4.5,2.0,5261.5,3.5,1.0,5261.0,3.0,0.5,91,0.8202,0.7667
1,145500,VEV_5400,buy,1,Mark 22,19.0,2,38.0,19,22,20,24,19.5,1,24,-0.5,0.5,0.0,-1.0,at_bid,19.5,0.5,0.0,19.5,0.5,0.0,19.5,0.5,0.0,20.0,1.0,0.5,46,0.6136,0.6332
1,145500,VEV_5500,buy,1,Mark 22,8.0,2,16.0,8,22,9,24,8.5,1,24,-0.5,0.5,0.0,-1.0,at_bid,8.5,0.5,0.0,8.5,0.5,0.0,8.5,0.5,0.0,8.5,0.5,0.0,46,0.8473,0.6109
1,145500,VEV_6000,buy,1,Mark 22,0.0,2,0.0,0,22,1,24,0.5,1,24,-0.5,0.5,0.0,-1.0,at_bid,0.5,0.5,0.0,0.5,0.5,0.0,0.5,0.5,0.0,0.5,0.5,0.0,46,1.0,0.595
1,145500,VEV_6500,buy,1,Mark 22,0.0,2,0.0,0,13,1,15,0.5,1,15,-0.5,0.5,0.0,-1.0,at_bid,0.5,0.5,0.0,0.5,0.5,0.0,0.5,0.5,0.0,0.5,0.5,0.0,28,1.0,0.3778
1,150600,VEV_5300,buy,1,Mark 22,53.0,2,106.0,53,23,55,25,54.0,2,25,-1.0,1.0,0.0,-2.0,at_bid,53.5,0.5,-0.5,53.5,0.5,-0.5,54.0,1.0,0.0,54.0,1.0,0.0,48,0.8697,0.7773
1,150600,VEV_5400,buy,1,Mark 22,20.0,2,40.0,20,23,21,25,20.5,1,25,-0.5,0.5,0.0,-1.0,at_bid,20.0,0.0,-0.5,20.0,0.0,-0.5,20.5,0.5,0.0,20.5,0.5,0.0,48,0.6136,0.7135
1,150600,VEV_5500,buy,1,Mark 22,8.0,2,16.0,8,23,9,25,8.5,1,25,-0.5,0.5,0.0,-1.0,at_bid,8.5,0.5,0.0,8.5,0.5,0.0,8.5,0.5,0.0,8.5,0.5,0.0,48,0.8473,0.6967
1,150600,VEV_6000,buy,1,Mark 22,0.0,2,0.0,0,23,1,25,0.5,1,25,-0.5,0.5,0.0,-1.0,at_bid,0.5,0.5,0.0,0.5,0.5,0.0,0.5,0.5,0.0,0.5,0.5,0.0,48,1.0,0.6842
1,150600,VEV_6500,buy,1,Mark 22,0.0,2,0.0,0,13,1,15,0.5,1,15,-0.5,0.5,0.0,-1.0,at_bid,0.5,0.5,0.0,0.5,0.5,0.0,0.5,0.5,0.0,0.5,0.5,0.0,28,1.0,0.3778
1,150700,VELVETFRUIT_EXTRACT,sell,-1,Mark 55,5268.0,7,36876.0,5263,19,5268,51,5265.5,5,19,2.5,2.5,5.0,0.0,at_ask,5265.5,2.5,-0.0,5265.5,2.5,-0.0,5265.5,2.5,-0.0,5266.5,1.5,-1.0,70,0.8202,0.3732
1,151400,VELVETFRUIT_EXTRACT,buy,1,Mark 55,5261.0,7,36827.0,5261,71,5266,22,5263.5,5,22,-2.5,2.5,0.0,-5.0,at_bid,5260.5,-0.5,-3.0,5260.5,-0.5,-3.0,5260.5,-0.5,-3.0,5260.0,-1.0,-3.5,93,0.8202,0.7892
1,153000,VEV_5400,buy,1,Mark 22,18.0,4,72.0,18,17,19,21,18.5,1,21,-0.5,0.5,0.0,-1.0,at_bid,18.5,0.5,0.0,18.5,0.5,0.0,18.5,0.5,0.0,18.5,0.5,0.0,38,0.6136,0.2998
1,153000,VEV_5500,buy,1,Mark 22,7.0,4,28.0,7,17,9,21,8.0,2,21,-1.0,1.0,0.0,-2.0,at_bid,8.0,1.0,0.0,8.0,1.0,0.0,8.0,1.0,0.0,7.5,0.5,-0.5,38,1.0,0.2588
1,153000,VEV_6000,buy,1,Mark 22,0.0,4,0.0,0,17,1,21,0.5,1,21,-0.5,0.5,0.0,-1.0,at_bid,0.5,0.5,0.0,0.5,0.5,0.0,0.5,0.5,0.0,0.5,0.5,0.0,38,1.0,0.2303
1,153000,VEV_6500,buy,1,Mark 22,0.0,4,0.0,0,11,1,15,0.5,1,15,-0.5,0.5,0.0,-1.0,at_bid,0.5,0.5,0.0,0.5,0.5,0.0,0.5,0.5,0.0,0.5,0.5,0.0,26,1.0,0.2539
1,167600,VELVETFRUIT_EXTRACT,buy,1,Mark 55,5249.0,6,31494.0,5249,48,5255,48,5252.0,6,48,-3.0,3.0,0.0,-6.0,at_bid,5252.5,3.5,0.5,5252.5,3.5,0.5,5252.5,3.5,0.5,5253.5,4.5,1.5,96,1.0,0.8151
1,170400,VEV_5400,buy,1,Mark 22,17.0,5,85.0,17,11,18,16,17.5,1,16,-0.5,0.5,0.0,-1.0,at_bid,16.5,-0.5,-1.0,16.5,-0.5,-1.0,17.5,0.5,0.0,17.5,0.5,0.0,27,0.6136,0.0327
1,170400,VEV_5500,buy,1,Mark 22,7.0,5,35.0,7,11,8,16,7.5,1,16,-0.5,0.5,0.0,-1.0,at_bid,7.5,0.5,0.0,7.5,0.5,0.0,7.5,0.5,0.0,7.5,0.5,0.0,27,0.8473,0.0124
1,170400,VEV_6000,buy,1,Mark 22,0.0,5,0.0,0,11,1,16,0.5,1,16,-0.5,0.5,0.0,-1.0,at_bid,0.5,0.5,0.0,0.5,0.5,0.0,0.5,0.5,0.0,0.5,0.5,0.0,27,1.0,0.0002
1,170400,VEV_6500,buy,1,Mark 22,0.0,5,0.0,0,11,1,16,0.5,1,16,-0.5,0.5,0.0,-1.0,at_bid,0.5,0.5,0.0,0.5,0.5,0.0,0.5,0.5,0.0,0.5,0.5,0.0,27,1.0,0.2552
1,170500,VEV_5500,buy,1,Mark 22,7.0,3,21.0,7,20,8,23,7.5,1,23,-0.5,0.5,0.0,-1.0,at_bid,7.5,0.5,0.0,7.5,0.5,0.0,7.5,0.5,0.0,7.5,0.5,0.0,43,0.8473,0.4423
1,170500,VEV_6000,buy,1,Mark 22,0.0,3,0.0,0,20,1,23,0.5,1,23,-0.5,0.5,0.0,-1.0,at_bid,0.5,0.5,0.0,0.5,0.5,0.0,0.5,0.5,0.0,0.5,0.5,0.0,43,1.0,0.4196
1,170500,VEV_6500,buy,1,Mark 22,0.0,3,0.0,0,8,1,11,0.5,1,11,-0.5,0.5,0.0,-1.0,at_bid,0.5,0.5,0.0,0.5,0.5,0.0,0.5,0.5,0.0,0.5,0.5,0.0,19,1.0,0.0005
1,171700,VELVETFRUIT_EXTRACT,buy,1,Mark 55,5248.0,7,36736.0,5248,56,5253,16,5250.5,5,16,-2.5,2.5,0.0,-5.0,at_bid,5249.0,1.0,-1.5,5249.0,1.0,-1.5,5250.5,2.5,0.0,5250.5,2.5,0.0,72,0.8202,0.4027
1,172500,VEV_5300,buy,1,Mark 22,46.0,5,230.0,46,18,48,23,47.0,2,23,-1.0,1.0,0.0,-2.0,at_bid,46.5,0.5,-0.5,46.5,0.5,-0.5,46.0,0.0,-1.0,46.0,0.0,-1.0,41,0.8697,0.519
1,172500,VEV_5400,buy,1,Mark 22,17.0,5,85.0,17,18,18,23,17.5,1,23,-0.5,0.5,0.0,-1.0,at_bid,17.0,0.0,-0.5,17.0,0.0,-0.5,17.0,0.0,-0.5,17.0,0.0,-0.5,41,0.6136,0.3899
1,172500,VEV_5500,buy,1,Mark 22,7.0,5,35.0,7,18,8,23,7.5,1,23,-0.5,0.5,0.0,-1.0,at_bid,7.5,0.5,0.0,7.5,0.5,0.0,7.5,0.5,0.0,7.5,0.5,0.0,41,0.8473,0.3511
1,172500,VEV_6000,buy,1,Mark 22,0.0,5,0.0,0,18,1,23,0.5,1,23,-0.5,0.5,0.0,-1.0,at_bid,0.5,0.5,0.0,0.5,0.5,0.0,0.5,0.5,0.0,0.5,0.5,0.0,41,1.0,0.3255
1,172500,VEV_6500,buy,1,Mark 22,0.0,5,0.0,0,13,1,18,0.5,1,18,-0.5,0.5,0.0,-1.0,at_bid,0.5,0.5,0.0,0.5,0.5,0.0,0.5,0.5,0.0,0.5,0.5,0.0,31,1.0,0.5042
1,179200,VELVETFRUIT_EXTRACT,buy,1,Mark 55,5243.0,4,20972.0,5243,56,5248,21,5245.5,5,21,-2.5,2.5,0.0,-5.0,at_bid,5246.5,3.5,1.0,5246.5,3.5,1.0,5244.5,1.5,-1.0,5247.5,4.5,2.0,77,0.8202,0.4983
1,180100,VELVETFRUIT_EXTRACT,sell,-1,Mark 55,5248.0,3,15744.0,5243,24,5248,72,5245.5,5,24,2.5,2.5,5.0,0.0,at_ask,5246.5,1.5,-1.0,5246.5,1.5,-1.0,5247.5,0.5,-2.0,5248.5,-0.5,-3.0,96,0.8202,0.8151
1,187400,VELVETFRUIT_EXTRACT,sell,-1,Mark 55,5235.0,8,41880.0,5229,56,5235,56,5232.0,6,56,3.0,3.0,6.0,0.0,at_ask,5231.5,3.5,0.5,5231.5,3.5,0.5,5232.0,3.0,-0.0,5231.5,3.5,0.5,112,1.0,0.8789
1,187600,VELVETFRUIT_EXTRACT,sell,-1,Mark 55,5235.0,5,26175.0,5229,50,5235,50,5232.0,6,50,3.0,3.0,6.0,0.0,at_ask,5230.5,4.5,1.5,5230.5,4.5,1.5,5230.5,4.5,1.5,5230.0,5.0,2.0,100,1.0,0.8359
1,190100,VEV_5300,buy,1,Mark 22,42.0,3,126.0,42,20,44,23,43.0,2,23,-1.0,1.0,0.0,-2.0,at_bid,42.0,0.0,-1.0,42.0,0.0,-1.0,43.0,1.0,0.0,42.0,0.0,-1.0,43,0.8697,0.5867
1,190100,VEV_5400,buy,1,Mark 22,15.0,3,45.0,15,20,16,23,15.5,1,23,-0.5,0.5,0.0,-1.0,at_bid,15.0,0.0,-0.5,15.0,0.0,-0.5,15.0,0.0,-0.5,15.0,0.0,-0.5,43,0.6136,0.476
1,190100,VEV_5500,buy,1,Mark 22,6.0,3,18.0,6,20,7,23,6.5,1,23,-0.5,0.5,0.0,-1.0,at_bid,6.5,0.5,0.0,6.5,0.5,0.0,6.5,0.5,0.0,6.5,0.5,0.0,43,0.8473,0.4423
1,190100,VEV_6000,buy,1,Mark 22,0.0,3,0.0,0,20,1,23,0.5,1,23,-0.5,0.5,0.0,-1.0,at_bid,0.5,0.5,0.0,0.5,0.5,0.0,0.5,0.5,0.0,0.5,0.5,0.0,43,1.0,0.4196
1,190100,VEV_6500,buy,1,Mark 22,0.0,3,0.0,0,16,1,19,0.5,1,19,-0.5,0.5,0.0,-1.0,at_bid,0.5,0.5,0.0,0.5,0.5,0.0,0.5,0.5,0.0,0.5,0.5,0.0,35,1.0,0.7536
1,195600,VEV_5300,buy,1,Mark 22,41.0,3,123.0,41,26,43,29,42.0,2,29,-1.0,1.0,0.0,-2.0,at_bid,41.5,0.5,-0.5,41.5,0.5,-0.5,42.0,1.0,0.0,41.0,0.0,-1.0,55,0.8697,0.9395
1,195600,VEV_5400,buy,1,Mark 22,14.0,3,42.0,14,26,15,29,14.5,1,29,-0.5,0.5,0.0,-1.0,at_bid,14.5,0.5,0.0,14.5,0.5,0.0,14.5,0.5,0.0,14.5,0.5,0.0,55,0.6136,0.9229
1,195600,VEV_5500,buy,1,Mark 22,6.0,3,18.0,6,26,7,29,6.5,1,29,-0.5,0.5,0.0,-1.0,at_bid,6.5,0.5,0.0,6.5,0.5,0.0,6.5,0.5,0.0,6.5,0.5,0.0,55,0.8473,0.9172
1,195600,VEV_6000,buy,1,Mark 22,0.0,3,0.0,0,26,1,29,0.5,1,29,-0.5,0.5,0.0,-1.0,at_bid,0.5,0.5,0.0,0.5,0.5,0.0,0.5,0.5,0.0,0.5,0.5,0.0,55,1.0,0.9141
1,195600,VEV_6500,buy,1,Mark 22,0.0,3,0.0,0,10,1,13,0.5,1,13,-0.5,0.5,0.0,-1.0,at_bid,0.5,0.5,0.0,0.5,0.5,0.0,0.5,0.5,0.0,0.5,0.5,0.0,23,1.0,0.0747
1,206200,VEV_6000,buy,1,Mark 22,0.0,3,0.0,0,22,1,25,0.5,1,25,-0.5,0.5,0.0,-1.0,at_bid,0.5,0.5,0.0,0.5,0.5,0.0,0.5,0.5,0.0,0.5,0.5,0.0,47,1.0,0.5964
1,206200,VEV_6500,buy,1,Mark 22,0.0,3,0.0,0,17,1,20,0.5,1,20,-0.5,0.5,0.0,-1.0,at_bid,0.5,0.5,0.0,0.5,0.5,0.0,0.5,0.5,0.0,0.5,0.5,0.0,37,1.0,0.8512
1,206800,VELVETFRUIT_EXTRACT,buy,1,Mark 55,5241.0,6,31446.0,5241,72,5246,25,5243.5,5,25,-2.5,2.5,0.0,-5.0,at_bid,5244.0,3.0,0.5,5244.0,3.0,0.5,5245.5,4.5,2.0,5245.5,4.5,2.0,97,0.8202,0.8189
1,207600,VELVETFRUIT_EXTRACT,sell,-1,Mark 55,5251.0,4,21004.0,5245,53,5251,53,5248.0,6,53,3.0,3.0,6.0,0.0,at_ask,5247.5,3.5,0.5,5247.5,3.5,0.5,5246.0,5.0,2.0,5247.5,3.5,0.5,106,1.0,0.8536
1,213700,VELVETFRUIT_EXTRACT,sell,-1,Mark 55,5259.0,5,26295.0,5254,19,5259,64,5256.5,5,19,2.5,2.5,5.0,0.0,at_ask,5257.5,1.5,-1.0,5257.5,1.5,-1.0,5255.5,3.5,1.0,5253.5,5.5,3.0,83,0.8202,0.634
1,214400,VELVETFRUIT_EXTRACT,buy,1,Mark 55,5250.0,3,15750.0,5250,48,5256,48,5253.0,6,48,-3.0,3.0,0.0,-6.0,at_bid,5253.0,3.0,0.0,5253.0,3.0,0.0,5252.5,2.5,-0.5,5251.0,1.0,-2.0,96,1.0,0.8151
1,235300,VEV_5400,buy,1,Mark 22,16.0,3,48.0,16,23,17,26,16.5,1,26,-0.5,0.5,0.0,-1.0,at_bid,16.5,0.5,0.0,16.5,0.5,0.0,16.5,0.5,0.0,16.5,0.5,0.0,49,0.6136,0.7138
1,235300,VEV_5500,buy,1,Mark 22,7.0,3,21.0,7,23,8,26,7.5,1,26,-0.5,0.5,0.0,-1.0,at_bid,7.5,0.5,0.0,7.5,0.5,0.0,7.5,0.5,0.0,7.5,0.5,0.0,49,0.8473,0.6971
1,235300,VEV_6000,buy,1,Mark 22,0.0,3,0.0,0,23,1,26,0.5,1,26,-0.5,0.5,0.0,-1.0,at_bid,0.5,0.5,0.0,0.5,0.5,0.0,0.5,0.5,0.0,0.5,0.5,0.0,49,1.0,0.6847
1,235300,VEV_6500,buy,1,Mark 22,0.0,3,0.0,0,9,1,12,0.5,1,12,-0.5,0.5,0.0,-1.0,at_bid,0.5,0.5,0.0,0.5,0.5,0.0,0.5,0.5,0.0,0.5,0.5,0.0,21,1.0,0.0249
1,237900,VELVETFRUIT_EXTRACT,sell,-1,Mark 55,5254.0,6,31524.0,5248,57,5254,57,5251.0,6,57,3.0,3.0,6.0,0.0,at_ask,5252.0,2.0,-1.0,5252.0,2.0,-1.0,5249.5,4.5,1.5,5248.5,5.5,2.5,114,1.0,0.8856
1,248300,VELVETFRUIT_EXTRACT,buy,1,Mark 55,5257.0,5,26285.0,5257,69,5262,19,5259.5,5,19,-2.5,2.5,0.0,-5.0,at_bid,5261.0,4.0,1.5,5261.0,4.0,1.5,5262.5,5.5,3.0,5263.5,6.5,4.0,88,0.8202,0.7278
1,250500,VELVETFRUIT_EXTRACT,buy,1,Mark 55,5260.0,4,21040.0,5260,62,5265,21,5262.5,5,21,-2.5,2.5,0.0,-5.0,at_bid,5262.5,2.5,0.0,5262.5,2.5,0.0,5263.5,3.5,1.0,5263.5,3.5,1.0,83,0.8202,0.634
1,251200,VELVETFRUIT_EXTRACT,buy,1,Mark 55,5262.0,8,42096.0,5262,64,5267,21,5264.5,5,21,-2.5,2.5,0.0,-5.0,at_bid,5263.5,1.5,-1.0,5263.5,1.5,-1.0,5262.5,0.5,-2.0,5265.0,3.0,0.5,85,0.8202,0.6744
1,252500,VEV_5300,buy,1,Mark 22,53.0,2,106.0,53,21,55,23,54.0,2,23,-1.0,1.0,0.0,-2.0,at_bid,55.0,2.0,1.0,55.0,2.0,1.0,54.5,1.5,0.5,54.0,1.0,0.0,44,0.8697,0.6506
1,252500,VEV_5400,buy,1,Mark 22,19.0,2,38.0,19,21,21,23,20.0,2,23,-1.0,1.0,0.0,-2.0,at_bid,20.5,1.5,0.5,20.5,1.5,0.5,20.5,1.5,0.5,20.0,1.0,0.0,44,1.0,0.554
1,252500,VEV_5500,buy,1,Mark 22,8.0,2,16.0,8,21,10,23,9.0,2,23,-1.0,1.0,0.0,-2.0,at_bid,9.5,1.5,0.5,9.5,1.5,0.5,9.5,1.5,0.5,9.0,1.0,0.0,44,1.0,0.525
1,252500,VEV_6000,buy,1,Mark 22,0.0,2,0.0,0,21,1,23,0.5,1,23,-0.5,0.5,0.0,-1.0,at_bid,0.5,0.5,0.0,0.5,0.5,0.0,0.5,0.5,0.0,0.5,0.5,0.0,44,1.0,0.5065
1,252500,VEV_6500,buy,1,Mark 22,0.0,2,0.0,0,13,1,15,0.5,1,15,-0.5,0.5,0.0,-1.0,at_bid,0.5,0.5,0.0,0.5,0.5,0.0,0.5,0.5,0.0,0.5,0.5,0.0,28,1.0,0.3778
1,262200,VELVETFRUIT_EXTRACT,buy,1,Mark 55,5250.0,4,21000.0,5250,55,5255,24,5252.5,5,24,-2.5,2.5,0.0,-5.0,at_bid,5254.5,4.5,2.0,5254.5,4.5,2.0,5253.0,3.0,0.5,5257.5,7.5,5.0,79,0.8202,0.5428
1,266500,VELVETFRUIT_EXTRACT,sell,-1,Mark 55,5253.0,5,26265.0,5247,61,5253,61,5250.0,6,61,3.0,3.0,6.0,0.0,at_ask,5248.5,4.5,1.5,5248.5,4.5,1.5,5249.0,4.0,1.0,5250.5,2.5,-0.5,122,1.0,0.9194
1,269300,VELVETFRUIT_EXTRACT,buy,1,Mark 55,5247.0,5,26235.0,5247,59,5252,23,5249.5,5,23,-2.5,2.5,0.0,-5.0,at_bid,5250.5,3.5,1.0,5250.5,3.5,1.0,5250.0,3.0,0.5,5251.0,4.0,1.5,82,0.8202,0.6118
1,275300,VELVETFRUIT_EXTRACT,sell,-1,Mark 55,5259.0,8,42072.0,5256,7,5259,67,5257.5,3,7,1.5,1.5,3.0,0.0,at_ask,5258.5,0.5,-1.0,5258.5,0.5,-1.0,5259.5,-0.5,-2.0,5258.5,0.5,-1.0,74,0.0732,0.4369
1,279600,VELVETFRUIT_EXTRACT,sell,-1,Mark 55,5260.0,4,21040.0,5254,59,5260,59,5257.0,6,59,3.0,3.0,6.0,0.0,at_ask,5258.5,1.5,-1.5,5258.5,1.5,-1.5,5259.5,0.5,-2.5,5261.0,-1.0,-4.0,118,1.0,0.9021
1,286300,VELVETFRUIT_EXTRACT,sell,-1,Mark 55,5266.0,6,31596.0,5260,68,5266,68,5263.0,6,68,3.0,3.0,6.0,0.0,at_ask,5263.5,2.5,-0.5,5263.5,2.5,-0.5,5265.5,0.5,-2.5,5265.5,0.5,-2.5,136,1.0,0.9764
1,292400,VELVETFRUIT_EXTRACT,sell,-1,Mark 55,5275.0,8,42200.0,5269,54,5275,54,5272.0,6,54,3.0,3.0,6.0,0.0,at_ask,5271.5,3.5,0.5,5271.5,3.5,0.5,5272.5,2.5,-0.5,5272.5,2.5,-0.5,108,1.0,0.8618
1,296900,VELVETFRUIT_EXTRACT,buy,1,Mark 55,5270.0,5,26350.0,5270,67,5276,67,5273.0,6,67,-3.0,3.0,0.0,-6.0,at_bid,5273.5,3.5,0.5,5273.5,3.5,0.5,5273.5,3.5,0.5,5272.5,2.5,-0.5,134,1.0,0.9683
1,304000,VEV_5400,buy,1,Mark 22,19.0,3,57.0,19,22,21,25,20.0,2,25,-1.0,1.0,0.0,-2.0,at_bid,20.0,1.0,0.0,20.0,1.0,0.0,20.0,1.0,0.0,20.0,1.0,0.0,47,1.0,0.634
1,304000,VEV_5500,buy,1,Mark 22,8.0,3,24.0,8,22,9,25,8.5,1,25,-0.5,0.5,0.0,-1.0,at_bid,8.5,0.5,0.0,8.5,0.5,0.0,8.5,0.5,0.0,8.5,0.5,0.0,47,0.8473,0.6117
1,304000,VEV_6000,buy,1,Mark 22,0.0,3,0.0,0,22,1,25,0.5,1,25,-0.5,0.5,0.0,-1.0,at_bid,0.5,0.5,0.0,0.5,0.5,0.0,0.5,0.5,0.0,0.5,0.5,0.0,47,1.0,0.5964
1,304000,VEV_6500,buy,1,Mark 22,0.0,3,0.0,0,15,1,18,0.5,1,18,-0.5,0.5,0.0,-1.0,at_bid,0.5,0.5,0.0,0.5,0.5,0.0,0.5,0.5,0.0,0.5,0.5,0.0,33,1.0,0.6274
1,307500,VELVETFRUIT_EXTRACT,sell,-1,Mark 55,5275.0,8,42200.0,5270,17,5275,50,5272.5,5,17,2.5,2.5,5.0,0.0,at_ask,5271.5,3.5,1.0,5271.5,3.5,1.0,5270.5,4.5,2.0,5271.0,4.0,1.5,67,0.8202,0.3321
1,309500,VELVETFRUIT_EXTRACT,sell,-1,Mark 55,5268.0,4,21072.0,5263,19,5268,63,5265.5,5,19,2.5,2.5,5.0,0.0,at_ask,5264.5,3.5,1.0,5264.5,3.5,1.0,5266.5,1.5,-1.0,5267.5,0.5,-2.0,82,0.8202,0.6118
1,310100,VEV_5500,buy,1,Mark 22,8.0,5,40.0,8,15,10,20,9.0,2,20,-1.0,1.0,0.0,-2.0,at_bid,8.5,0.5,-0.5,8.5,0.5,-0.5,8.5,0.5,-0.5,8.5,0.5,-0.5,35,1.0,0.1226
1,310100,VEV_6000,buy,1,Mark 22,0.0,5,0.0,0,15,1,20,0.5,1,20,-0.5,0.5,0.0,-1.0,at_bid,0.5,0.5,0.0,0.5,0.5,0.0,0.5,0.5,0.0,0.5,0.5,0.0,35,1.0,0.0926
1,310100,VEV_6500,buy,1,Mark 22,0.0,5,0.0,0,13,1,18,0.5,1,18,-0.5,0.5,0.0,-1.0,at_bid,0.5,0.5,0.0,0.5,0.5,0.0,0.5,0.5,0.0,0.5,0.5,0.0,31,1.0,0.5042
1,313000,VELVETFRUIT_EXTRACT,sell,-1,Mark 55,5267.0,5,26335.0,5262,17,5267,63,5264.5,5,17,2.5,2.5,5.0,0.0,at_ask,5262.5,4.5,2.0,5262.5,4.5,2.0,5262.5,4.5,2.0,5261.5,5.5,3.0,80,0.8202,0.5676
1,322000,VEV_5400,buy,1,Mark 22,16.0,2,32.0,16,27,18,29,17.0,2,29,-1.0,1.0,0.0,-2.0,at_bid,17.0,1.0,0.0,17.0,1.0,0.0,17.0,1.0,0.0,17.0,1.0,0.0,56,1.0,0.9607
1,322000,VEV_5500,buy,1,Mark 22,7.0,2,14.0,7,27,8,29,7.5,1,29,-0.5,0.5,0.0,-1.0,at_bid,7.5,0.5,0.0,7.5,0.5,0.0,7.5,0.5,0.0,7.5,0.5,0.0,56,0.8473,0.9574
1,322000,VEV_6000,buy,1,Mark 22,0.0,2,0.0,0,27,1,29,0.5,1,29,-0.5,0.5,0.0,-1.0,at_bid,0.5,0.5,0.0,0.5,0.5,0.0,0.5,0.5,0.0,0.5,0.5,0.0,56,1.0,0.9559
1,322000,VEV_6500,buy,1,Mark 22,0.0,2,0.0,0,15,1,17,0.5,1,17,-0.5,0.5,0.0,-1.0,at_bid,0.5,0.5,0.0,0.5,0.5,0.0,0.5,0.5,0.0,0.5,0.5,0.0,32,1.0,0.6265
1,322600,VEV_5500,buy,1,Mark 22,7.0,4,28.0,7,13,8,17,7.5,1,17,-0.5,0.5,0.0,-1.0,at_bid,7.5,0.5,0.0,7.5,0.5,0.0,7.5,0.5,0.0,7.5,0.5,0.0,30,0.8473,0.0374
1,322600,VEV_6000,buy,1,Mark 22,0.0,4,0.0,0,13,1,17,0.5,1,17,-0.5,0.5,0.0,-1.0,at_bid,0.5,0.5,0.0,0.5,0.5,0.0,0.5,0.5,0.0,0.5,0.5,0.0,30,1.0,0.0164
1,322600,VEV_6500,buy,1,Mark 22,0.0,4,0.0,0,6,1,10,0.5,1,10,-0.5,0.5,0.0,-1.0,at_bid,0.5,0.5,0.0,0.5,0.5,0.0,0.5,0.5,0.0,0.5,0.5,0.0,16,1.0,0.0001
1,333100,VELVETFRUIT_EXTRACT,buy,1,Mark 55,5236.0,4,20944.0,5236,57,5241,21,5238.5,5,21,-2.5,2.5,0.0,-5.0,at_bid,5239.5,3.5,1.0,5239.5,3.5,1.0,5240.5,4.5,2.0,5244.5,8.5,6.0,78,0.8202,0.521
1,335300,VELVETFRUIT_EXTRACT,buy,1,Mark 55,5245.0,3,15735.0,5245,70,5250,25,5247.5,5,25,-2.5,2.5,0.0,-5.0,at_bid,5250.0,5.0,2.5,5250.0,5.0,2.5,5246.0,1.0,-1.5,5248.5,3.5,1.0,95,0.8202,0.8065
1,344200,VELVETFRUIT_EXTRACT,sell,-1,Mark 55,5253.0,4,21012.0,5248,22,5253,58,5250.5,5,22,2.5,2.5,5.0,0.0,at_ask,5248.5,4.5,2.0,5248.5,4.5,2.0,5247.0,6.0,3.5,5247.5,5.5,3.0,80,0.8202,0.5676
1,350300,VEV_5400,buy,1,Mark 22,15.0,4,60.0,15,17,17,21,16.0,2,21,-1.0,1.0,0.0,-2.0,at_bid,16.0,1.0,0.0,16.0,1.0,0.0,16.0,1.0,0.0,15.5,0.5,-0.5,38,1.0,0.2998
1,350300,VEV_5500,buy,1,Mark 22,6.0,4,24.0,6,17,7,21,6.5,1,21,-0.5,0.5,0.0,-1.0,at_bid,6.5,0.5,0.0,6.5,0.5,0.0,6.5,0.5,0.0,6.5,0.5,0.0,38,0.8473,0.2588
1,350300,VEV_6000,buy,1,Mark 22,0.0,4,0.0,0,17,1,21,0.5,1,21,-0.5,0.5,0.0,-1.0,at_bid,0.5,0.5,0.0,0.5,0.5,0.0,0.5,0.5,0.0,0.5,0.5,0.0,38,1.0,0.2303
1,350300,VEV_6500,buy,1,Mark 22,0.0,4,0.0,0,14,1,18,0.5,1,18,-0.5,0.5,0.0,-1.0,at_bid,0.5,0.5,0.0,0.5,0.5,0.0,0.5,0.5,0.0,0.5,0.5,0.0,32,1.0,0.6265
1,376600,VEV_5300,buy,1,Mark 22,46.0,5,230.0,46,19,48,24,47.0,2,24,-1.0,1.0,0.0,-2.0,at_bid,47.0,1.0,0.0,47.0,1.0,0.0,47.0,1.0,0.0,48.0,2.0,1.0,43,0.8697,0.5867
1,376600,VEV_5400,buy,1,Mark 22,15.0,5,75.0,15,19,16,24,15.5,1,24,-0.5,0.5,0.0,-1.0,at_bid,16.0,1.0,0.5,16.0,1.0,0.5,16.0,1.0,0.5,16.5,1.5,1.0,43,0.6136,0.476
1,376600,VEV_5500,buy,1,Mark 22,6.0,5,30.0,6,19,7,24,6.5,1,24,-0.5,0.5,0.0,-1.0,at_bid,6.5,0.5,0.0,6.5,0.5,0.0,6.5,0.5,0.0,7.0,1.0,0.5,43,0.8473,0.4423
1,376600,VEV_6000,buy,1,Mark 22,0.0,5,0.0,0,19,1,24,0.5,1,24,-0.5,0.5,0.0,-1.0,at_bid,0.5,0.5,0.0,0.5,0.5,0.0,0.5,0.5,0.0,0.5,0.5,0.0,43,1.0,0.4196
1,376600,VEV_6500,buy,1,Mark 22,0.0,5,0.0,0,15,1,20,0.5,1,20,-0.5,0.5,0.0,-1.0,at_bid,0.5,0.5,0.0,0.5,0.5,0.0,0.5,0.5,0.0,0.5,0.5,0.0,35,1.0,0.7536
1,377900,VEV_5500,buy,1,Mark 22,6.0,2,12.0,6,18,7,20,6.5,1,20,-0.5,0.5,0.0,-1.0,at_bid,6.5,0.5,0.0,6.5,0.5,0.0,7.0,1.0,0.5,7.0,1.0,0.5,38,0.8473,0.2588
1,377900,VEV_6000,buy,1,Mark 22,0.0,2,0.0,0,18,1,20,0.5,1,20,-0.5,0.5,0.0,-1.0,at_bid,0.5,0.5,0.0,0.5,0.5,0.0,0.5,0.5,0.0,0.5,0.5,0.0,38,1.0,0.2303
1,377900,VEV_6500,buy,1,Mark 22,0.0,2,0.0,0,14,1,16,0.5,1,16,-0.5,0.5,0.0,-1.0,at_bid,0.5,0.5,0.0,0.5,0.5,0.0,0.5,0.5,0.0,0.5,0.5,0.0,30,1.0,0.5029
1,380900,VELVETFRUIT_EXTRACT,buy,1,Mark 55,5250.0,8,42000.0,5250,52,5256,52,5253.0,6,52,-3.0,3.0,0.0,-6.0,at_bid,5254.0,4.0,1.0,5254.0,4.0,1.0,5253.5,3.5,0.5,5254.5,4.5,1.5,104,1.0,0.8473
1,393000,VELVETFRUIT_EXTRACT,buy,1,Mark 55,5242.0,4,20968.0,5242,61,5247,23,5244.5,5,23,-2.5,2.5,0.0,-5.0,at_bid,5244.0,2.0,-0.5,5244.0,2.0,-0.5,5244.5,2.5,0.0,5244.0,2.0,-0.5,84,0.8202,0.6546
1,393900,VELVETFRUIT_EXTRACT,buy,1,Mark 55,5241.0,6,31446.0,5241,60,5243,10,5242.0,2,10,-1.0,1.0,0.0,-2.0,at_bid,5242.5,1.5,0.5,5242.5,1.5,0.5,5241.5,0.5,-0.5,5239.0,-2.0,-3.0,70,0.0411,0.3732
1,396000,VELVETFRUIT_EXTRACT,sell,-1,Mark 55,5246.0,8,41968.0,5241,16,5246,65,5243.5,5,16,2.5,2.5,5.0,0.0,at_ask,5243.5,2.5,-0.0,5243.5,2.5,-0.0,5242.5,3.5,1.0,5241.5,4.5,2.0,81,0.8202,0.5903
1,396200,VELVETFRUIT_EXTRACT,buy,1,Mark 55,5240.0,7,36680.0,5240,62,5245,15,5242.5,5,15,-2.5,2.5,0.0,-5.0,at_bid,5242.5,2.5,0.0,5242.5,2.5,0.0,5241.5,1.5,-1.0,5242.5,2.5,0.0,77,0.8202,0.4983
1,399700,VEV_5400,buy,1,Mark 22,14.0,5,70.0,14,19,15,24,14.5,1,24,-0.5,0.5,0.0,-1.0,at_bid,14.5,0.5,0.0,14.5,0.5,0.0,15.0,1.0,0.5,14.5,0.5,0.0,43,0.6136,0.476
1,399700,VEV_5500,buy,1,Mark 22,6.0,5,30.0,6,19,7,24,6.5,1,24,-0.5,0.5,0.0,-1.0,at_bid,6.5,0.5,0.0,6.5,0.5,0.0,6.5,0.5,0.0,6.5,0.5,0.0,43,0.8473,0.4423
1,399700,VEV_6000,buy,1,Mark 22,0.0,5,0.0,0,19,1,24,0.5,1,24,-0.5,0.5,0.0,-1.0,at_bid,0.5,0.5,0.0,0.5,0.5,0.0,0.5,0.5,0.0,0.5,0.5,0.0,43,1.0,0.4196
1,399700,VEV_6500,buy,1,Mark 22,0.0,5,0.0,0,7,1,12,0.5,1,12,-0.5,0.5,0.0,-1.0,at_bid,0.5,0.5,0.0,0.5,0.5,0.0,0.5,0.5,0.0,0.5,0.5,0.0,19,1.0,0.0005
1,401900,VELVETFRUIT_EXTRACT,buy,1,Mark 55,5242.0,8,41936.0,5242,64,5247,17,5244.5,5,17,-2.5,2.5,0.0,-5.0,at_bid,5243.5,1.5,-1.0,5243.5,1.5,-1.0,5243.5,1.5,-1.0,5242.5,0.5,-2.0,81,0.8202,0.5903
1,403500,VELVETFRUIT_EXTRACT,buy,1,Mark 55,5239.0,8,41912.0,5239,71,5244,22,5241.5,5,22,-2.5,2.5,0.0,-5.0,at_bid,5242.5,3.5,1.0,5242.5,3.5,1.0,5242.5,3.5,1.0,5243.0,4.0,1.5,93,0.8202,0.7892
1,410400,VEV_5400,buy,1,Mark 22,13.0,3,39.0,13,21,14,24,13.5,1,24,-0.5,0.5,0.0,-1.0,at_bid,13.5,0.5,0.0,13.5,0.5,0.0,14.0,1.0,0.5,13.5,0.5,0.0,45,0.6136,0.5549
1,410400,VEV_5500,buy,1,Mark 22,5.0,3,15.0,5,21,6,24,5.5,1,24,-0.5,0.5,0.0,-1.0,at_bid,5.5,0.5,0.0,5.5,0.5,0.0,5.5,0.5,0.0,5.5,0.5,0.0,45,0.8473,0.526
1,410400,VEV_6000,buy,1,Mark 22,0.0,3,0.0,0,21,1,24,0.5,1,24,-0.5,0.5,0.0,-1.0,at_bid,0.5,0.5,0.0,0.5,0.5,0.0,0.5,0.5,0.0,0.5,0.5,0.0,45,1.0,0.5075
1,410400,VEV_6500,buy,1,Mark 22,0.0,3,0.0,0,14,1,17,0.5,1,17,-0.5,0.5,0.0,-1.0,at_bid,0.5,0.5,0.0,0.5,0.5,0.0,0.5,0.5,0.0,0.5,0.5,0.0,31,1.0,0.5042
1,411200,VELVETFRUIT_EXTRACT,sell,-1,Mark 55,5236.0,7,36652.0,5231,20,5236,60,5233.5,5,20,2.5,2.5,5.0,0.0,at_ask,5233.5,2.5,-0.0,5233.5,2.5,-0.0,5232.5,3.5,1.0,5233.5,2.5,-0.0,80,0.8202,0.5676
1,411300,VELVETFRUIT_EXTRACT,sell,-1,Mark 55,5236.0,7,36652.0,5231,19,5236,60,5233.5,5,19,2.5,2.5,5.0,0.0,at_ask,5232.5,3.5,1.0,5232.5,3.5,1.0,5233.5,2.5,-0.0,5232.5,3.5,1.0,79,0.8202,0.5428
1,419900,VELVETFRUIT_EXTRACT,sell,-1,Mark 55,5231.0,6,31386.0,5226,19,5231,67,5228.5,5,19,2.5,2.5,5.0,0.0,at_ask,5228.0,3.0,0.5,5228.0,3.0,0.5,5226.5,4.5,2.0,5227.0,4.0,1.5,86,0.8202,0.6942
1,428000,VEV_5400,buy,1,Mark 22,13.0,2,26.0,13,17,14,19,13.5,1,19,-0.5,0.5,0.0,-1.0,at_bid,13.5,0.5,0.0,13.5,0.5,0.0,13.5,0.5,0.0,13.5,0.5,0.0,36,0.6136,0.2241
1,428000,VEV_5500,buy,1,Mark 22,5.0,2,10.0,5,17,6,19,5.5,1,19,-0.5,0.5,0.0,-1.0,at_bid,5.5,0.5,0.0,5.5,0.5,0.0,5.5,0.5,0.0,5.0,0.0,-0.5,36,0.8473,0.182
1,428000,VEV_6000,buy,1,Mark 22,0.0,2,0.0,0,17,1,19,0.5,1,19,-0.5,0.5,0.0,-1.0,at_bid,0.5,0.5,0.0,0.5,0.5,0.0,0.5,0.5,0.0,0.5,0.5,0.0,36,1.0,0.1531
1,428000,VEV_6500,buy,1,Mark 22,0.0,2,0.0,0,15,1,17,0.5,1,17,-0.5,0.5,0.0,-1.0,at_bid,0.5,0.5,0.0,0.5,0.5,0.0,0.5,0.5,0.0,0.5,0.5,0.0,32,1.0,0.6265
1,431000,VELVETFRUIT_EXTRACT,sell,-1,Mark 55,5233.0,5,26165.0,5228,25,5233,75,5230.5,5,25,2.5,2.5,5.0,0.0,at_ask,5230.5,2.5,-0.0,5230.5,2.5,-0.0,5230.5,2.5,-0.0,5229.0,4.0,1.5,100,0.8202,0.8359
1,435300,VELVETFRUIT_EXTRACT,buy,1,Mark 55,5225.0,8,41800.0,5225,58,5230,22,5227.5,5,22,-2.5,2.5,0.0,-5.0,at_bid,5230.5,5.5,3.0,5230.5,5.5,3.0,5230.5,5.5,3.0,5231.5,6.5,4.0,80,0.8202,0.5676
1,437100,VEV_5400,buy,1,Mark 22,13.0,4,52.0,13,12,14,16,13.5,1,16,-0.5,0.5,0.0,-1.0,at_bid,13.5,0.5,0.0,13.5,0.5,0.0,13.5,0.5,0.0,13.5,0.5,0.0,28,0.6136,0.0396
1,437100,VEV_5500,buy,1,Mark 22,5.0,4,20.0,5,12,6,16,5.5,1,16,-0.5,0.5,0.0,-1.0,at_bid,5.5,0.5,0.0,5.5,0.5,0.0,5.5,0.5,0.0,5.5,0.5,0.0,28,0.8473,0.0161
1,437100,VEV_6000,buy,1,Mark 22,0.0,4,0.0,0,12,1,16,0.5,1,16,-0.5,0.5,0.0,-1.0,at_bid,0.5,0.5,0.0,0.5,0.5,0.0,0.5,0.5,0.0,0.5,0.5,0.0,28,1.0,0.0004
1,437100,VEV_6500,buy,1,Mark 22,0.0,4,0.0,0,9,1,13,0.5,1,13,-0.5,0.5,0.0,-1.0,at_bid,0.5,0.5,0.0,0.5,0.5,0.0,0.5,0.5,0.0,0.5,0.5,0.0,22,1.0,0.0743
1,438000,VELVETFRUIT_EXTRACT,buy,1,Mark 55,5230.0,7,36610.0,5230,72,5236,72,5233.0,6,72,-3.0,3.0,0.0,-6.0,at_bid,5232.5,2.5,-0.5,5232.5,2.5,-0.5,5236.0,6.0,3.0,5236.5,6.5,3.5,144,1.0,0.9955
1,444300,VELVETFRUIT_EXTRACT,buy,1,Mark 55,5238.0,7,36666.0,5238,65,5243,16,5240.5,5,16,-2.5,2.5,0.0,-5.0,at_bid,5242.0,4.0,1.5,5242.0,4.0,1.5,5241.5,3.5,1.0,5241.5,3.5,1.0,81,0.8202,0.5903
1,448100,VELVETFRUIT_EXTRACT,sell,-1,Mark 55,5254.0,3,15762.0,5249,17,5254,56,5251.5,5,17,2.5,2.5,5.0,0.0,at_ask,5251.5,2.5,-0.0,5251.5,2.5,-0.0,5251.5,2.5,-0.0,5250.0,4.0,1.5,73,0.8202,0.4183
1,453500,VELVETFRUIT_EXTRACT,buy,1,Mark 55,5245.0,8,41960.0,5245,64,5251,64,5248.0,6,64,-3.0,3.0,0.0,-6.0,at_bid,5249.5,4.5,1.5,5249.5,4.5,1.5,5250.5,5.5,2.5,5251.5,6.5,3.5,128,1.0,0.9467
1,453600,VELVETFRUIT_EXTRACT,sell,-1,Mark 55,5252.0,4,21008.0,5247,16,5252,50,5249.5,5,16,2.5,2.5,5.0,0.0,at_ask,5250.5,1.5,-1.0,5250.5,1.5,-1.0,5249.5,2.5,-0.0,5249.5,2.5,-0.0,66,0.8202,0.3221
1,454800,VELVETFRUIT_EXTRACT,buy,1,Mark 55,5245.0,3,15735.0,5245,60,5251,60,5248.0,6,60,-3.0,3.0,0.0,-6.0,at_bid,5247.5,2.5,-0.5,5247.5,2.5,-0.5,5246.5,1.5,-1.5,5246.5,1.5,-1.5,120,1.0,0.9117
1,455200,VELVETFRUIT_EXTRACT,buy,1,Mark 55,5244.0,6,31464.0,5244,52,5250,52,5247.0,6,52,-3.0,3.0,0.0,-6.0,at_bid,5246.5,2.5,-0.5,5246.5,2.5,-0.5,5246.5,2.5,-0.5,5247.5,3.5,0.5,104,1.0,0.8473
1,455700,VEV_5400,buy,1,Mark 22,15.0,4,60.0,15,19,16,23,15.5,1,23,-0.5,0.5,0.0,-1.0,at_bid,15.5,0.5,0.0,15.5,0.5,0.0,15.5,0.5,0.0,15.5,0.5,0.0,42,0.6136,0.4755
1,455700,VEV_5500,buy,1,Mark 22,6.0,4,24.0,6,19,7,23,6.5,1,23,-0.5,0.5,0.0,-1.0,at_bid,6.5,0.5,0.0,6.5,0.5,0.0,6.5,0.5,0.0,6.5,0.5,0.0,42,0.8473,0.4416
1,455700,VEV_6000,buy,1,Mark 22,0.0,4,0.0,0,19,1,23,0.5,1,23,-0.5,0.5,0.0,-1.0,at_bid,0.5,0.5,0.0,0.5,0.5,0.0,0.5,0.5,0.0,0.5,0.5,0.0,42,1.0,0.4189
1,455700,VEV_6500,buy,1,Mark 22,0.0,4,0.0,0,12,1,16,0.5,1,16,-0.5,0.5,0.0,-1.0,at_bid,0.5,0.5,0.0,0.5,0.5,0.0,0.5,0.5,0.0,0.5,0.5,0.0,28,1.0,0.3778
1,459900,VELVETFRUIT_EXTRACT,sell,-1,Mark 55,5252.0,8,42016.0,5247,17,5252,57,5249.5,5,17,2.5,2.5,5.0,0.0,at_ask,5250.5,1.5,-1.0,5250.5,1.5,-1.0,5249.5,2.5,-0.0,5250.5,1.5,-1.0,74,0.8202,0.4369
1,460400,VEV_5300,buy,1,Mark 22,47.0,3,141.0,47,19,49,22,48.0,2,22,-1.0,1.0,0.0,-2.0,at_bid,48.0,1.0,0.0,48.0,1.0,0.0,48.0,1.0,0.0,49.0,2.0,1.0,41,0.8697,0.519
1,460400,VEV_5500,buy,1,Mark 22,6.0,3,18.0,6,19,7,22,6.5,1,22,-0.5,0.5,0.0,-1.0,at_bid,6.5,0.5,0.0,6.5,0.5,0.0,6.5,0.5,0.0,6.5,0.5,0.0,41,0.8473,0.3511
1,460400,VEV_6000,buy,1,Mark 22,0.0,3,0.0,0,19,1,22,0.5,1,22,-0.5,0.5,0.0,-1.0,at_bid,0.5,0.5,0.0,0.5,0.5,0.0,0.5,0.5,0.0,0.5,0.5,0.0,41,1.0,0.3255
1,460400,VEV_6500,buy,1,Mark 22,0.0,3,0.0,0,9,1,12,0.5,1,12,-0.5,0.5,0.0,-1.0,at_bid,0.5,0.5,0.0,0.5,0.5,0.0,0.5,0.5,0.0,0.5,0.5,0.0,21,1.0,0.0249
1,462300,VELVETFRUIT_EXTRACT,sell,-1,Mark 55,5259.0,8,42072.0,5253,68,5259,68,5256.0,6,68,3.0,3.0,6.0,0.0,at_ask,5256.5,2.5,-0.5,5256.5,2.5,-0.5,5255.5,3.5,0.5,5256.5,2.5,-0.5,136,1.0,0.9764
1,468000,VELVETFRUIT_EXTRACT,buy,1,Mark 55,5247.0,3,15741.0,5247,51,5252,19,5249.5,5,19,-2.5,2.5,0.0,-5.0,at_bid,5251.5,4.5,2.0,5251.5,4.5,2.0,5251.5,4.5,2.0,5250.5,3.5,1.0,70,0.8202,0.3732
1,469300,VELVETFRUIT_EXTRACT,buy,1,Mark 55,5252.0,6,31512.0,5252,63,5257,17,5254.5,5,17,-2.5,2.5,0.0,-5.0,at_bid,5254.0,2.0,-0.5,5254.0,2.0,-0.5,5253.5,1.5,-1.0,5252.5,0.5,-2.0,80,0.8202,0.5676
1,476500,VEV_5400,buy,1,Mark 22,17.0,2,34.0,17,14,18,16,17.5,1,16,-0.5,0.5,0.0,-1.0,at_bid,17.0,0.0,-0.5,17.0,0.0,-0.5,17.0,0.0,-0.5,17.5,0.5,0.0,30,0.6136,0.0703
1,476500,VEV_5500,buy,1,Mark 22,7.0,2,14.0,7,14,8,16,7.5,1,16,-0.5,0.5,0.0,-1.0,at_bid,7.0,0.0,-0.5,7.0,0.0,-0.5,7.0,0.0,-0.5,7.0,0.0,-0.5,30,0.8473,0.0374
1,476500,VEV_6000,buy,1,Mark 22,0.0,2,0.0,0,14,1,16,0.5,1,16,-0.5,0.5,0.0,-1.0,at_bid,0.5,0.5,0.0,0.5,0.5,0.0,0.5,0.5,0.0,0.5,0.5,0.0,30,1.0,0.0164
1,476500,VEV_6500,buy,1,Mark 22,0.0,2,0.0,0,10,1,12,0.5,1,12,-0.5,0.5,0.0,-1.0,at_bid,0.5,0.5,0.0,0.5,0.5,0.0,0.5,0.5,0.0,0.5,0.5,0.0,22,1.0,0.0743
1,477900,VELVETFRUIT_EXTRACT,sell,-1,Mark 55,5258.0,5,26290.0,5252,51,5258,51,5255.0,6,51,3.0,3.0,6.0,0.0,at_ask,5255.5,2.5,-0.5,5255.5,2.5,-0.5,5254.5,3.5,0.5,5252.5,5.5,2.5,102,1.0,0.8414
1,483800,VELVETFRUIT_EXTRACT,buy,1,Mark 55,5238.0,7,36666.0,5238,63,5244,63,5241.0,6,63,-3.0,3.0,0.0,-6.0,at_bid,5242.5,4.5,1.5,5242.5,4.5,1.5,5242.5,4.5,1.5,5243.5,5.5,2.5,126,1.0,0.9374
1,486400,VELVETFRUIT_EXTRACT,buy,1,Mark 55,5239.0,7,36673.0,5239,65,5245,65,5242.0,6,65,-3.0,3.0,0.0,-6.0,at_bid,5241.5,2.5,-0.5,5241.5,2.5,-0.5,5240.5,1.5,-1.5,5239.0,0.0,-3.0,130,1.0,0.9544
1,489700,VEV_5300,buy,1,Mark 22,43.0,4,172.0,43,14,45,18,44.0,2,18,-1.0,1.0,0.0,-2.0,at_bid,44.0,1.0,0.0,44.0,1.0,0.0,45.0,2.0,1.0,44.0,1.0,0.0,32,0.8697,0.2374
1,489700,VEV_5400,buy,1,Mark 22,14.0,4,56.0,14,14,15,18,14.5,1,18,-0.5,0.5,0.0,-1.0,at_bid,14.5,0.5,0.0,14.5,0.5,0.0,15.0,1.0,0.5,14.5,0.5,0.0,32,0.6136,0.1132
1,489700,VEV_5500,buy,1,Mark 22,5.0,4,20.0,5,14,6,18,5.5,1,18,-0.5,0.5,0.0,-1.0,at_bid,5.5,0.5,0.0,5.5,0.5,0.0,5.5,0.5,0.0,5.5,0.5,0.0,32,0.8473,0.0746
1,489700,VEV_6000,buy,1,Mark 22,0.0,4,0.0,0,14,1,18,0.5,1,18,-0.5,0.5,0.0,-1.0,at_bid,0.5,0.5,0.0,0.5,0.5,0.0,0.5,0.5,0.0,0.5,0.5,0.0,32,1.0,0.048
1,489700,VEV_6500,buy,1,Mark 22,0.0,4,0.0,0,10,1,14,0.5,1,14,-0.5,0.5,0.0,-1.0,at_bid,0.5,0.5,0.0,0.5,0.5,0.0,0.5,0.5,0.0,0.5,0.5,0.0,24,1.0,0.1491
1,493900,VELVETFRUIT_EXTRACT,buy,1,Mark 55,5237.0,3,15711.0,5237,55,5242,16,5239.5,5,16,-2.5,2.5,0.0,-5.0,at_bid,5239.5,2.5,0.0,5239.5,2.5,0.0,5240.5,3.5,1.0,5239.5,2.5,0.0,71,0.8202,0.3867
1,502700,VEV_5500,buy,1,Mark 22,6.0,2,12.0,6,19,7,21,6.5,1,21,-0.5,0.5,0.0,-1.0,at_bid,6.5,0.5,0.0,6.5,0.5,0.0,6.5,0.5,0.0,6.5,0.5,0.0,40,0.8473,0.3503
1,502700,VEV_6000,buy,1,Mark 22,0.0,2,0.0,0,19,1,21,0.5,1,21,-0.5,0.5,0.0,-1.0,at_bid,0.5,0.5,0.0,0.5,0.5,0.0,0.5,0.5,0.0,0.5,0.5,0.0,40,1.0,0.3248
1,502700,VEV_6500,buy,1,Mark 22,0.0,2,0.0,0,16,1,18,0.5,1,18,-0.5,0.5,0.0,-1.0,at_bid,0.5,0.5,0.0,0.5,0.5,0.0,0.5,0.5,0.0,0.5,0.5,0.0,34,1.0,0.7524
1,519500,VEV_5300,buy,1,Mark 22,50.0,4,200.0,50,21,52,25,51.0,2,25,-1.0,1.0,0.0,-2.0,at_bid,51.0,1.0,0.0,51.0,1.0,0.0,51.0,1.0,0.0,51.0,1.0,0.0,46,0.8697,0.7148
1,519500,VEV_5400,buy,1,Mark 22,17.0,4,68.0,17,21,18,25,17.5,1,25,-0.5,0.5,0.0,-1.0,at_bid,17.5,0.5,0.0,17.5,0.5,0.0,18.0,1.0,0.5,17.5,0.5,0.0,46,0.6136,0.6332
1,519500,VEV_5500,buy,1,Mark 22,6.0,4,24.0,6,21,8,25,7.0,2,25,-1.0,1.0,0.0,-2.0,at_bid,7.0,1.0,0.0,7.0,1.0,0.0,7.0,1.0,0.0,7.0,1.0,0.0,46,1.0,0.6109
1,519500,VEV_6000,buy,1,Mark 22,0.0,4,0.0,0,21,1,25,0.5,1,25,-0.5,0.5,0.0,-1.0,at_bid,0.5,0.5,0.0,0.5,0.5,0.0,0.5,0.5,0.0,0.5,0.5,0.0,46,1.0,0.595
1,519500,VEV_6500,buy,1,Mark 22,0.0,4,0.0,0,8,1,12,0.5,1,12,-0.5,0.5,0.0,-1.0,at_bid,0.5,0.5,0.0,0.5,0.5,0.0,0.5,0.5,0.0,0.5,0.5,0.0,20,1.0,0.0243
1,520500,VELVETFRUIT_EXTRACT,buy,1,Mark 55,5256.0,4,21024.0,5256,70,5261,22,5258.5,5,22,-2.5,2.5,0.0,-5.0,at_bid,5260.5,4.5,2.0,5260.5,4.5,2.0,5261.5,5.5,3.0,5259.5,3.5,1.0,92,0.8202,0.7794
1,523300,VELVETFRUIT_EXTRACT,sell,-1,Mark 55,5262.0,3,15786.0,5256,65,5262,65,5259.0,6,65,3.0,3.0,6.0,0.0,at_ask,5258.0,4.0,1.0,5258.0,4.0,1.0,5258.0,4.0,1.0,5260.5,1.5,-1.5,130,1.0,0.9544
1,524000,VEV_5400,buy,1,Mark 22,17.0,4,68.0,17,16,18,20,17.5,1,20,-0.5,0.5,0.0,-1.0,at_bid,17.5,0.5,0.0,17.5,0.5,0.0,17.5,0.5,0.0,17.5,0.5,0.0,36,0.6136,0.2241
1,524000,VEV_6000,buy,1,Mark 22,0.0,4,0.0,0,16,1,20,0.5,1,20,-0.5,0.5,0.0,-1.0,at_bid,0.5,0.5,0.0,0.5,0.5,0.0,0.5,0.5,0.0,0.5,0.5,0.0,36,1.0,0.1531
1,524000,VEV_6500,buy,1,Mark 22,0.0,4,0.0,0,13,1,17,0.5,1,17,-0.5,0.5,0.0,-1.0,at_bid,0.5,0.5,0.0,0.5,0.5,0.0,0.5,0.5,0.0,0.5,0.5,0.0,30,1.0,0.5029
1,526200,VELVETFRUIT_EXTRACT,buy,1,Mark 55,5250.0,8,42000.0,5250,58,5255,19,5252.5,5,19,-2.5,2.5,0.0,-5.0,at_bid,5253.5,3.5,1.0,5253.5,3.5,1.0,5253.5,3.5,1.0,5253.5,3.5,1.0,77,0.8202,0.4983
1,530000,VELVETFRUIT_EXTRACT,buy,1,Mark 55,5249.0,6,31494.0,5249,61,5251,10,5250.0,2,10,-1.0,1.0,0.0,-2.0,at_bid,5253.0,4.0,3.0,5253.0,4.0,3.0,5253.5,4.5,3.5,5251.5,2.5,1.5,71,0.0411,0.3867
1,537500,VELVETFRUIT_EXTRACT,sell,-1,Mark 55,5241.0,4,20964.0,5236,22,5241,67,5238.5,5,22,2.5,2.5,5.0,0.0,at_ask,5237.5,3.5,1.0,5237.5,3.5,1.0,5237.5,3.5,1.0,5239.5,1.5,-1.0,89,0.8202,0.7418
1,544400,VELVETFRUIT_EXTRACT,sell,-1,Mark 55,5240.0,6,31440.0,5235,15,5240,57,5237.5,5,15,2.5,2.5,5.0,0.0,at_ask,5236.0,4.0,1.5,5236.0,4.0,1.5,5236.0,4.0,1.5,5238.0,2.0,-0.5,72,0.8202,0.4027
1,547600,VEV_5400,buy,1,Mark 22,12.0,4,48.0,12,20,13,24,12.5,1,24,-0.5,0.5,0.0,-1.0,at_bid,12.5,0.5,0.0,12.5,0.5,0.0,12.5,0.5,0.0,12.5,0.5,0.0,44,0.6136,0.554
1,547600,VEV_6000,buy,1,Mark 22,0.0,4,0.0,0,20,1,24,0.5,1,24,-0.5,0.5,0.0,-1.0,at_bid,0.5,0.5,0.0,0.5,0.5,0.0,0.5,0.5,0.0,0.5,0.5,0.0,44,1.0,0.5065
1,547600,VEV_6500,buy,1,Mark 22,0.0,4,0.0,0,13,1,17,0.5,1,17,-0.5,0.5,0.0,-1.0,at_bid,0.5,0.5,0.0,0.5,0.5,0.0,0.5,0.5,0.0,0.5,0.5,0.0,30,1.0,0.5029
1,548400,VEV_5400,buy,1,Mark 22,12.0,5,60.0,12,21,13,26,12.5,1,26,-0.5,0.5,0.0,-1.0,at_bid,12.5,0.5,0.0,12.5,0.5,0.0,12.5,0.5,0.0,12.0,0.0,-0.5,47,0.6136,0.634
1,548400,VEV_6000,buy,1,Mark 22,0.0,5,0.0,0,21,1,26,0.5,1,26,-0.5,0.5,0.0,-1.0,at_bid,0.5,0.5,0.0,0.5,0.5,0.0,0.5,0.5,0.0,0.5,0.5,0.0,47,1.0,0.5964
1,548400,VEV_6500,buy,1,Mark 22,0.0,5,0.0,0,12,1,17,0.5,1,17,-0.5,0.5,0.0,-1.0,at_bid,0.5,0.5,0.0,0.5,0.5,0.0,0.5,0.5,0.0,0.5,0.5,0.0,29,1.0,0.3782
1,549800,VELVETFRUIT_EXTRACT,sell,-1,Mark 55,5236.0,5,26180.0,5231,16,5236,56,5233.5,5,16,2.5,2.5,5.0,0.0,at_ask,5234.0,2.0,-0.5,5234.0,2.0,-0.5,5234.0,2.0,-0.5,5232.0,4.0,1.5,72,0.8202,0.4027
1,553100,VEV_5300,buy,1,Mark 22,39.0,4,156.0,39,19,41,23,40.0,2,23,-1.0,1.0,0.0,-2.0,at_bid,40.0,1.0,0.0,40.0,1.0,0.0,40.0,1.0,0.0,39.0,0.0,-1.0,42,0.8697,0.5863
1,553100,VEV_5500,buy,1,Mark 22,4.0,4,16.0,4,19,5,23,4.5,1,23,-0.5,0.5,0.0,-1.0,at_bid,4.5,0.5,0.0,4.5,0.5,0.0,4.5,0.5,0.0,4.5,0.5,0.0,42,0.8473,0.4416
1,553100,VEV_6000,buy,1,Mark 22,0.0,4,0.0,0,19,1,23,0.5,1,23,-0.5,0.5,0.0,-1.0,at_bid,0.5,0.5,0.0,0.5,0.5,0.0,0.5,0.5,0.0,0.5,0.5,0.0,42,1.0,0.4189
1,553100,VEV_6500,buy,1,Mark 22,0.0,4,0.0,0,11,1,15,0.5,1,15,-0.5,0.5,0.0,-1.0,at_bid,0.5,0.5,0.0,0.5,0.5,0.0,0.5,0.5,0.0,0.5,0.5,0.0,26,1.0,0.2539
1,556400,VELVETFRUIT_EXTRACT,sell,-1,Mark 55,5228.0,8,41824.0,5223,22,5228,62,5225.5,5,22,2.5,2.5,5.0,0.0,at_ask,5226.0,2.0,-0.5,5226.0,2.0,-0.5,5225.5,2.5,-0.0,5229.0,-1.0,-3.5,84,0.8202,0.6546
1,563500,VELVETFRUIT_EXTRACT,buy,1,Mark 55,5226.0,8,41808.0,5226,53,5231,23,5228.5,5,23,-2.5,2.5,0.0,-5.0,at_bid,5228.5,2.5,0.0,5228.5,2.5,0.0,5230.0,4.0,1.5,5230.5,4.5,2.0,76,0.8202,0.4747
1,564300,VEV_5300,buy,1,Mark 22,40.0,2,80.0,40,18,42,20,41.0,2,20,-1.0,1.0,0.0,-2.0,at_bid,41.0,1.0,0.0,41.0,1.0,0.0,41.0,1.0,0.0,41.0,1.0,0.0,38,0.8697,0.4441
1,564300,VEV_5400,buy,1,Mark 22,12.0,2,24.0,12,18,13,20,12.5,1,20,-0.5,0.5,0.0,-1.0,at_bid,12.5,0.5,0.0,12.5,0.5,0.0,12.5,0.5,0.0,12.5,0.5,0.0,38,0.6136,0.2998
1,564300,VEV_5500,buy,1,Mark 22,4.0,2,8.0,4,18,5,20,4.5,1,20,-0.5,0.5,0.0,-1.0,at_bid,5.0,1.0,0.5,5.0,1.0,0.5,4.5,0.5,0.0,4.5,0.5,0.0,38,0.8473,0.2588
1,564300,VEV_6000,buy,1,Mark 22,0.0,2,0.0,0,18,1,20,0.5,1,20,-0.5,0.5,0.0,-1.0,at_bid,0.5,0.5,0.0,0.5,0.5,0.0,0.5,0.5,0.0,0.5,0.5,0.0,38,1.0,0.2303
1,564300,VEV_6500,buy,1,Mark 22,0.0,2,0.0,0,12,1,14,0.5,1,14,-0.5,0.5,0.0,-1.0,at_bid,0.5,0.5,0.0,0.5,0.5,0.0,0.5,0.5,0.0,0.5,0.5,0.0,26,1.0,0.2539
1,564900,VELVETFRUIT_EXTRACT,sell,-1,Mark 55,5236.0,6,31416.0,5230,62,5236,62,5233.0,6,62,3.0,3.0,6.0,0.0,at_ask,5233.5,2.5,-0.5,5233.5,2.5,-0.5,5233.0,3.0,-0.0,5235.5,0.5,-2.5,124,1.0,0.9291
1,565500,VELVETFRUIT_EXTRACT,sell,-1,Mark 55,5239.0,7,36673.0,5234,15,5239,45,5236.5,5,15,2.5,2.5,5.0,0.0,at_ask,5236.0,3.0,0.5,5236.0,3.0,0.5,5235.0,4.0,1.5,5234.5,4.5,2.0,60,0.8202,0.2815
1,567200,VEV_5400,buy,1,Mark 22,13.0,2,26.0,13,25,14,27,13.5,1,27,-0.5,0.5,0.0,-1.0,at_bid,13.5,0.5,0.0,13.5,0.5,0.0,13.0,0.0,-0.5,13.5,0.5,0.0,52,0.6136,0.8679
1,567200,VEV_5500,buy,1,Mark 22,5.0,2,10.0,5,25,6,27,5.5,1,27,-0.5,0.5,0.0,-1.0,at_bid,5.5,0.5,0.0,5.5,0.5,0.0,5.5,0.5,0.0,5.5,0.5,0.0,52,0.8473,0.8583
1,567200,VEV_6000,buy,1,Mark 22,0.0,2,0.0,0,25,1,27,0.5,1,27,-0.5,0.5,0.0,-1.0,at_bid,0.5,0.5,0.0,0.5,0.5,0.0,0.5,0.5,0.0,0.5,0.5,0.0,52,1.0,0.8528
1,567200,VEV_6500,buy,1,Mark 22,0.0,2,0.0,0,13,1,15,0.5,1,15,-0.5,0.5,0.0,-1.0,at_bid,0.5,0.5,0.0,0.5,0.5,0.0,0.5,0.5,0.0,0.5,0.5,0.0,28,1.0,0.3778
1,568900,VEV_5300,buy,1,Mark 22,43.0,4,172.0,43,19,45,23,44.0,2,23,-1.0,1.0,0.0,-2.0,at_bid,43.0,0.0,-1.0,43.0,0.0,-1.0,43.0,0.0,-1.0,43.0,0.0,-1.0,42,0.8697,0.5863
1,568900,VEV_5400,buy,1,Mark 22,13.0,4,52.0,13,19,14,5,13.5,1,5,-0.5,0.5,0.0,-1.0,at_bid,13.5,0.5,0.0,13.5,0.5,0.0,13.5,0.5,0.0,13.5,0.5,0.0,24,0.6136,0.0155
1,568900,VEV_5500,buy,1,Mark 22,5.0,4,20.0,5,19,6,23,5.5,1,23,-0.5,0.5,0.0,-1.0,at_bid,5.5,0.5,0.0,5.5,0.5,0.0,5.5,0.5,0.0,5.5,0.5,0.0,42,0.8473,0.4416
1,568900,VEV_6000,buy,1,Mark 22,0.0,4,0.0,0,19,1,23,0.5,1,23,-0.5,0.5,0.0,-1.0,at_bid,0.5,0.5,0.0,0.5,0.5,0.0,0.5,0.5,0.0,0.5,0.5,0.0,42,1.0,0.4189
1,568900,VEV_6500,buy,1,Mark 22,0.0,4,0.0,0,13,1,17,0.5,1,17,-0.5,0.5,0.0,-1.0,at_bid,0.5,0.5,0.0,0.5,0.5,0.0,0.5,0.5,0.0,0.5,0.5,0.0,30,1.0,0.5029
1,571600,VELVETFRUIT_EXTRACT,buy,1,Mark 55,5235.0,7,36645.0,5235,52,5241,52,5238.0,6,52,-3.0,3.0,0.0,-6.0,at_bid,5238.5,3.5,0.5,5238.5,3.5,0.5,5237.0,2.0,-1.0,5238.5,3.5,0.5,104,1.0,0.8473
1,574000,VELVETFRUIT_EXTRACT,sell,-1,Mark 55,5238.0,3,15714.0,5232,50,5238,50,5235.0,6,50,3.0,3.0,6.0,0.0,at_ask,5235.5,2.5,-0.5,5235.5,2.5,-0.5,5235.5,2.5,-0.5,5233.5,4.5,1.5,100,1.0,0.8359
1,574800,VEV_5400,buy,1,Mark 22,12.0,2,24.0,12,20,13,22,12.5,1,22,-0.5,0.5,0.0,-1.0,at_bid,12.5,0.5,0.0,12.5,0.5,0.0,12.5,0.5,0.0,12.5,0.5,0.0,42,0.6136,0.4755
1,574800,VEV_5500,buy,1,Mark 22,4.0,2,8.0,4,20,6,22,5.0,2,22,-1.0,1.0,0.0,-2.0,at_bid,5.0,1.0,0.0,5.0,1.0,0.0,5.0,1.0,0.0,4.5,0.5,-0.5,42,1.0,0.4416
1,574800,VEV_6000,buy,1,Mark 22,0.0,2,0.0,0,20,1,22,0.5,1,22,-0.5,0.5,0.0,-1.0,at_bid,0.5,0.5,0.0,0.5,0.5,0.0,0.5,0.5,0.0,0.5,0.5,0.0,42,1.0,0.4189
1,574800,VEV_6500,buy,1,Mark 22,0.0,2,0.0,0,12,1,14,0.5,1,14,-0.5,0.5,0.0,-1.0,at_bid,0.5,0.5,0.0,0.5,0.5,0.0,0.5,0.5,0.0,0.5,0.5,0.0,26,1.0,0.2539
1,575800,VEV_5500,buy,1,Mark 22,5.0,5,25.0,5,17,6,22,5.5,1,22,-0.5,0.5,0.0,-1.0,at_bid,5.0,0.0,-0.5,5.0,0.0,-0.5,5.5,0.5,0.0,5.5,0.5,0.0,39,0.8473,0.2601
1,575800,VEV_6000,buy,1,Mark 22,0.0,5,0.0,0,17,1,22,0.5,1,22,-0.5,0.5,0.0,-1.0,at_bid,0.5,0.5,0.0,0.5,0.5,0.0,0.5,0.5,0.0,0.5,0.5,0.0,39,1.0,0.2311
1,575800,VEV_6500,buy,1,Mark 22,0.0,5,0.0,0,10,1,15,0.5,1,15,-0.5,0.5,0.0,-1.0,at_bid,0.5,0.5,0.0,0.5,0.5,0.0,0.5,0.5,0.0,0.5,0.5,0.0,25,1.0,0.1499
1,576400,VELVETFRUIT_EXTRACT,buy,1,Mark 55,5233.0,3,15699.0,5233,49,5238,16,5235.5,5,16,-2.5,2.5,0.0,-5.0,at_bid,5235.0,2.0,-0.5,5235.0,2.0,-0.5,5236.5,3.5,1.0,5234.5,1.5,-1.0,65,0.8202,0.3108
1,581700,VELVETFRUIT_EXTRACT,sell,-1,Mark 55,5237.0,3,15711.0,5231,64,5237,64,5234.0,6,64,3.0,3.0,6.0,0.0,at_ask,5235.5,1.5,-1.5,5235.5,1.5,-1.5,5238.0,-1.0,-4.0,5238.0,-1.0,-4.0,128,1.0,0.9467
1,584900,VELVETFRUIT_EXTRACT,buy,1,Mark 55,5234.0,7,36638.0,5234,51,5239,18,5236.5,5,18,-2.5,2.5,0.0,-5.0,at_bid,5237.5,3.5,1.0,5237.5,3.5,1.0,5236.5,2.5,0.0,5238.5,4.5,2.0,69,0.8202,0.3581
1,587200,VELVETFRUIT_EXTRACT,buy,1,Mark 55,5242.0,3,15726.0,5242,73,5248,73,5245.0,6,73,-3.0,3.0,0.0,-6.0,at_bid,5247.0,5.0,2.0,5247.0,5.0,2.0,5247.5,5.5,2.5,5247.0,5.0,2.0,146,1.0,0.9975
1,588200,VEV_5300,buy,1,Mark 22,45.0,4,180.0,45,18,47,22,46.0,2,22,-1.0,1.0,0.0,-2.0,at_bid,46.0,1.0,0.0,46.0,1.0,0.0,45.0,0.0,-1.0,46.0,1.0,0.0,40,0.8697,0.5186
1,588200,VEV_5400,buy,1,Mark 22,14.0,4,56.0,14,18,15,22,14.5,1,22,-0.5,0.5,0.0,-1.0,at_bid,14.5,0.5,0.0,14.5,0.5,0.0,14.0,0.0,-0.5,14.5,0.5,0.0,40,0.6136,0.3895
1,588200,VEV_5500,buy,1,Mark 22,5.0,4,20.0,5,18,6,22,5.5,1,22,-0.5,0.5,0.0,-1.0,at_bid,5.5,0.5,0.0,5.5,0.5,0.0,5.5,0.5,0.0,5.5,0.5,0.0,40,0.8473,0.3503
1,588200,VEV_6000,buy,1,Mark 22,0.0,4,0.0,0,18,1,22,0.5,1,22,-0.5,0.5,0.0,-1.0,at_bid,0.5,0.5,0.0,0.5,0.5,0.0,0.5,0.5,0.0,0.5,0.5,0.0,40,1.0,0.3248
1,588200,VEV_6500,buy,1,Mark 22,0.0,4,0.0,0,10,1,14,0.5,1,14,-0.5,0.5,0.0,-1.0,at_bid,0.5,0.5,0.0,0.5,0.5,0.0,0.5,0.5,0.0,0.5,0.5,0.0,24,1.0,0.1491
1,595300,VELVETFRUIT_EXTRACT,buy,1,Mark 55,5238.0,8,41904.0,5238,54,5244,54,5241.0,6,54,-3.0,3.0,0.0,-6.0,at_bid,5241.5,3.5,0.5,5241.5,3.5,0.5,5241.5,3.5,0.5,5242.5,4.5,1.5,108,1.0,0.8618
1,600000,VELVETFRUIT_EXTRACT,sell,-1,Mark 55,5237.0,7,36659.0,5232,15,5237,48,5234.5,5,15,2.5,2.5,5.0,0.0,at_ask,5233.0,4.0,1.5,5233.0,4.0,1.5,5232.5,4.5,2.0,5232.0,5.0,2.5,63,0.8202,0.295
1,603000,VELVETFRUIT_EXTRACT,sell,-1,Mark 55,5234.0,6,31404.0,5229,19,5234,65,5231.5,5,19,2.5,2.5,5.0,0.0,at_ask,5231.5,2.5,-0.0,5231.5,2.5,-0.0,5231.5,2.5,-0.0,5232.5,1.5,-1.0,84,0.8202,0.6546
1,604600,VEV_5300,buy,1,Mark 22,39.0,5,195.0,39,14,41,19,40.0,2,19,-1.0,1.0,0.0,-2.0,at_bid,40.0,1.0,0.0,40.0,1.0,0.0,40.0,1.0,0.0,40.0,1.0,0.0,33,0.8697,0.2534
1,604600,VEV_5400,buy,1,Mark 22,11.0,5,55.0,11,14,13,19,12.0,2,19,-1.0,1.0,0.0,-2.0,at_bid,12.0,1.0,0.0,12.0,1.0,0.0,12.0,1.0,0.0,11.5,0.5,-0.5,33,1.0,0.1182
1,604600,VEV_5500,buy,1,Mark 22,4.0,5,20.0,4,14,5,19,4.5,1,19,-0.5,0.5,0.0,-1.0,at_bid,4.5,0.5,0.0,4.5,0.5,0.0,4.5,0.5,0.0,4.5,0.5,0.0,33,0.8473,0.0769
1,604600,VEV_6000,buy,1,Mark 22,0.0,5,0.0,0,14,1,19,0.5,1,19,-0.5,0.5,0.0,-1.0,at_bid,0.5,0.5,0.0,0.5,0.5,0.0,0.5,0.5,0.0,0.5,0.5,0.0,33,1.0,0.0483
1,604600,VEV_6500,buy,1,Mark 22,0.0,5,0.0,0,8,1,13,0.5,1,13,-0.5,0.5,0.0,-1.0,at_bid,0.5,0.5,0.0,0.5,0.5,0.0,0.5,0.5,0.0,0.5,0.5,0.0,21,1.0,0.0249
1,605700,VELVETFRUIT_EXTRACT,buy,1,Mark 55,5226.0,7,36582.0,5226,60,5231,24,5228.5,5,24,-2.5,2.5,0.0,-5.0,at_bid,5229.5,3.5,1.0,5229.5,3.5,1.0,5230.5,4.5,2.0,5227.5,1.5,-1.0,84,0.8202,0.6546
1,612900,VELVETFRUIT_EXTRACT,buy,1,Mark 55,5223.0,8,41784.0,5223,65,5225,3,5224.0,2,3,-1.0,1.0,0.0,-2.0,at_bid,5227.0,4.0,3.0,5227.0,4.0,3.0,5226.5,3.5,2.5,5228.5,5.5,4.5,68,0.0411,0.3459
1,617900,VEV_5300,buy,1,Mark 22,40.0,2,80.0,40,14,42,16,41.0,2,16,-1.0,1.0,0.0,-2.0,at_bid,41.0,1.0,0.0,41.0,1.0,0.0,41.0,1.0,0.0,40.0,0.0,-1.0,30,0.8697,0.1722
1,617900,VEV_5400,buy,1,Mark 22,12.0,2,24.0,12,14,13,16,12.5,1,16,-0.5,0.5,0.0,-1.0,at_bid,12.5,0.5,0.0,12.5,0.5,0.0,12.5,0.5,0.0,12.5,0.5,0.0,30,0.6136,0.0703
1,617900,VEV_5500,buy,1,Mark 22,4.0,2,8.0,4,14,6,16,5.0,2,16,-1.0,1.0,0.0,-2.0,at_bid,5.0,1.0,0.0,5.0,1.0,0.0,5.0,1.0,0.0,4.5,0.5,-0.5,30,1.0,0.0374
1,617900,VEV_6000,buy,1,Mark 22,0.0,2,0.0,0,14,1,16,0.5,1,16,-0.5,0.5,0.0,-1.0,at_bid,0.5,0.5,0.0,0.5,0.5,0.0,0.5,0.5,0.0,0.5,0.5,0.0,30,1.0,0.0164
1,617900,VEV_6500,buy,1,Mark 22,0.0,2,0.0,0,14,1,16,0.5,1,16,-0.5,0.5,0.0,-1.0,at_bid,0.5,0.5,0.0,0.5,0.5,0.0,0.5,0.5,0.0,0.5,0.5,0.0,30,1.0,0.5029
1,618300,VEV_5300,buy,1,Mark 22,40.0,2,80.0,40,13,42,15,41.0,2,15,-1.0,1.0,0.0,-2.0,at_bid,40.0,0.0,-1.0,40.0,0.0,-1.0,40.0,0.0,-1.0,40.0,0.0,-1.0,28,0.8697,0.1153
1,618300,VEV_5400,buy,1,Mark 22,12.0,2,24.0,12,13,13,15,12.5,1,15,-0.5,0.5,0.0,-1.0,at_bid,12.5,0.5,0.0,12.5,0.5,0.0,12.5,0.5,0.0,12.5,0.5,0.0,28,0.6136,0.0396
1,618300,VEV_5500,buy,1,Mark 22,4.0,2,8.0,4,13,5,15,4.5,1,15,-0.5,0.5,0.0,-1.0,at_bid,4.5,0.5,0.0,4.5,0.5,0.0,4.5,0.5,0.0,4.5,0.5,0.0,28,0.8473,0.0161
1,618300,VEV_6000,buy,1,Mark 22,0.0,2,0.0,0,13,1,15,0.5,1,15,-0.5,0.5,0.0,-1.0,at_bid,0.5,0.5,0.0,0.5,0.5,0.0,0.5,0.5,0.0,0.5,0.5,0.0,28,1.0,0.0004
1,618300,VEV_6500,buy,1,Mark 22,0.0,2,0.0,0,17,1,19,0.5,1,19,-0.5,0.5,0.0,-1.0,at_bid,0.5,0.5,0.0,0.5,0.5,0.0,0.5,0.5,0.0,0.5,0.5,0.0,36,1.0,0.8507
1,624400,VEV_5300,buy,1,Mark 22,42.0,2,84.0,42,18,44,20,43.0,2,20,-1.0,1.0,0.0,-2.0,at_bid,43.0,1.0,0.0,43.0,1.0,0.0,43.0,1.0,0.0,42.0,0.0,-1.0,38,0.8697,0.4441
1,624400,VEV_5400,buy,1,Mark 22,13.0,2,26.0,13,18,14,20,13.5,1,20,-0.5,0.5,0.0,-1.0,at_bid,13.5,0.5,0.0,13.5,0.5,0.0,13.5,0.5,0.0,13.5,0.5,0.0,38,0.6136,0.2998
1,624400,VEV_5500,buy,1,Mark 22,5.0,2,10.0,5,18,6,20,5.5,1,20,-0.5,0.5,0.0,-1.0,at_bid,5.5,0.5,0.0,5.5,0.5,0.0,5.5,0.5,0.0,5.5,0.5,0.0,38,0.8473,0.2588
1,624400,VEV_6000,buy,1,Mark 22,0.0,2,0.0,0,18,1,20,0.5,1,20,-0.5,0.5,0.0,-1.0,at_bid,0.5,0.5,0.0,0.5,0.5,0.0,0.5,0.5,0.0,0.5,0.5,0.0,38,1.0,0.2303
1,624400,VEV_6500,buy,1,Mark 22,0.0,2,0.0,0,17,1,19,0.5,1,19,-0.5,0.5,0.0,-1.0,at_bid,0.5,0.5,0.0,0.5,0.5,0.0,0.5,0.5,0.0,0.5,0.5,0.0,36,1.0,0.8507
1,624700,VELVETFRUIT_EXTRACT,sell,-1,Mark 55,5242.0,5,26210.0,5236,62,5242,62,5239.0,6,62,3.0,3.0,6.0,0.0,at_ask,5237.5,4.5,1.5,5237.5,4.5,1.5,5237.5,4.5,1.5,5236.5,5.5,2.5,124,1.0,0.9291
1,628100,VELVETFRUIT_EXTRACT,sell,-1,Mark 55,5231.0,6,31386.0,5226,18,5231,54,5228.5,5,18,2.5,2.5,5.0,0.0,at_ask,5227.5,3.5,1.0,5227.5,3.5,1.0,5227.5,3.5,1.0,5224.5,6.5,4.0,72,0.8202,0.4027
1,631700,VEV_5400,buy,1,Mark 22,10.0,3,30.0,10,22,11,25,10.5,1,25,-0.5,0.5,0.0,-1.0,at_bid,10.5,0.5,0.0,10.5,0.5,0.0,10.5,0.5,0.0,10.5,0.5,0.0,47,0.6136,0.634
1,631700,VEV_6000,buy,1,Mark 22,0.0,3,0.0,0,22,1,25,0.5,1,25,-0.5,0.5,0.0,-1.0,at_bid,0.5,0.5,0.0,0.5,0.5,0.0,0.5,0.5,0.0,0.5,0.5,0.0,47,1.0,0.5964
1,631700,VEV_6500,buy,1,Mark 22,0.0,3,0.0,0,12,1,15,0.5,1,15,-0.5,0.5,0.0,-1.0,at_bid,0.5,0.5,0.0,0.5,0.5,0.0,0.5,0.5,0.0,0.5,0.5,0.0,27,1.0,0.2552
1,634800,VELVETFRUIT_EXTRACT,buy,1,Mark 55,5214.0,6,31284.0,5214,67,5216,8,5215.0,2,8,-1.0,1.0,0.0,-2.0,at_bid,5216.5,2.5,1.5,5216.5,2.5,1.5,5217.0,3.0,2.0,5216.0,2.0,1.0,75,0.0411,0.456
1,636100,VEV_5300,buy,1,Mark 22,37.0,4,148.0,37,19,39,23,38.0,2,23,-1.0,1.0,0.0,-2.0,at_bid,37.5,0.5,-0.5,37.5,0.5,-0.5,37.0,0.0,-1.0,36.0,-1.0,-2.0,42,0.8697,0.5863
1,636100,VEV_5500,buy,1,Mark 22,4.0,4,16.0,4,19,5,23,4.5,1,23,-0.5,0.5,0.0,-1.0,at_bid,4.5,0.5,0.0,4.5,0.5,0.0,4.5,0.5,0.0,4.0,0.0,-0.5,42,0.8473,0.4416
1,636100,VEV_6000,buy,1,Mark 22,0.0,4,0.0,0,19,1,23,0.5,1,23,-0.5,0.5,0.0,-1.0,at_bid,0.5,0.5,0.0,0.5,0.5,0.0,0.5,0.5,0.0,0.5,0.5,0.0,42,1.0,0.4189
1,636100,VEV_6500,buy,1,Mark 22,0.0,4,0.0,0,7,1,11,0.5,1,11,-0.5,0.5,0.0,-1.0,at_bid,0.5,0.5,0.0,0.5,0.5,0.0,0.5,0.5,0.0,0.5,0.5,0.0,18,1.0,0.0002
1,640500,VELVETFRUIT_EXTRACT,buy,1,Mark 55,5212.0,3,15636.0,5212,56,5217,17,5214.5,5,17,-2.5,2.5,0.0,-5.0,at_bid,5214.5,2.5,0.0,5214.5,2.5,0.0,5212.0,0.0,-2.5,5212.5,0.5,-2.0,73,0.8202,0.4183
1,642100,VEV_5300,buy,1,Mark 22,34.0,4,136.0,34,13,36,17,35.0,2,17,-1.0,1.0,0.0,-2.0,at_bid,35.0,1.0,0.0,35.0,1.0,0.0,35.0,1.0,0.0,34.5,0.5,-0.5,30,0.8697,0.1722
1,642100,VEV_5400,buy,1,Mark 22,9.0,4,36.0,9,13,10,17,9.5,1,17,-0.5,0.5,0.0,-1.0,at_bid,9.5,0.5,0.0,9.5,0.5,0.0,9.5,0.5,0.0,9.5,0.5,0.0,30,0.6136,0.0703
1,642100,VEV_5500,buy,1,Mark 22,3.0,4,12.0,3,13,4,17,3.5,1,17,-0.5,0.5,0.0,-1.0,at_bid,3.5,0.5,0.0,3.5,0.5,0.0,3.5,0.5,0.0,3.5,0.5,0.0,30,0.8473,0.0374
1,642100,VEV_6000,buy,1,Mark 22,0.0,4,0.0,0,13,1,17,0.5,1,17,-0.5,0.5,0.0,-1.0,at_bid,0.5,0.5,0.0,0.5,0.5,0.0,0.5,0.5,0.0,0.5,0.5,0.0,30,1.0,0.0164
1,642100,VEV_6500,buy,1,Mark 22,0.0,4,0.0,0,13,1,17,0.5,1,17,-0.5,0.5,0.0,-1.0,at_bid,0.5,0.5,0.0,0.5,0.5,0.0,0.5,0.5,0.0,0.5,0.5,0.0,30,1.0,0.5029
1,644900,VELVETFRUIT_EXTRACT,sell,-1,Mark 55,5210.0,6,31260.0,5204,70,5210,70,5207.0,6,70,3.0,3.0,6.0,0.0,at_ask,5208.5,1.5,-1.5,5208.5,1.5,-1.5,5208.0,2.0,-1.0,5209.5,0.5,-2.5,140,1.0,0.9877
1,652100,VELVETFRUIT_EXTRACT,buy,1,Mark 55,5198.0,6,31188.0,5198,49,5203,18,5200.5,5,18,-2.5,2.5,0.0,-5.0,at_bid,5200.5,2.5,0.0,5200.5,2.5,0.0,5200.5,2.5,0.0,5201.5,3.5,1.0,67,0.8202,0.3321
1,654200,VEV_5400,buy,1,Mark 22,8.0,2,16.0,8,20,9,22,8.5,1,22,-0.5,0.5,0.0,-1.0,at_bid,9.0,1.0,0.5,9.0,1.0,0.5,9.0,1.0,0.5,9.0,1.0,0.5,42,0.6136,0.4755
1,654200,VEV_5500,buy,1,Mark 22,3.0,2,6.0,3,20,4,22,3.5,1,22,-0.5,0.5,0.0,-1.0,at_bid,3.5,0.5,0.0,3.5,0.5,0.0,3.5,0.5,0.0,3.5,0.5,0.0,42,0.8473,0.4416
1,654200,VEV_6000,buy,1,Mark 22,0.0,2,0.0,0,20,1,22,0.5,1,22,-0.5,0.5,0.0,-1.0,at_bid,0.5,0.5,0.0,0.5,0.5,0.0,0.5,0.5,0.0,0.5,0.5,0.0,42,1.0,0.4189
1,654200,VEV_6500,buy,1,Mark 22,0.0,2,0.0,0,15,1,17,0.5,1,17,-0.5,0.5,0.0,-1.0,at_bid,0.5,0.5,0.0,0.5,0.5,0.0,0.5,0.5,0.0,0.5,0.5,0.0,32,1.0,0.6265
1,657800,VELVETFRUIT_EXTRACT,sell,-1,Mark 55,5213.0,5,26065.0,5208,24,5213,63,5210.5,5,24,2.5,2.5,5.0,0.0,at_ask,5210.5,2.5,-0.0,5210.5,2.5,-0.0,5210.5,2.5,-0.0,5209.0,4.0,1.5,87,0.8202,0.7115
1,659200,VELVETFRUIT_EXTRACT,sell,-1,Mark 55,5215.0,7,36505.0,5209,61,5215,61,5212.0,6,61,3.0,3.0,6.0,0.0,at_ask,5211.5,3.5,0.5,5211.5,3.5,0.5,5211.5,3.5,0.5,5213.0,2.0,-1.0,122,1.0,0.9194
1,666500,VELVETFRUIT_EXTRACT,buy,1,Mark 55,5220.0,7,36540.0,5220,63,5226,63,5223.0,6,63,-3.0,3.0,0.0,-6.0,at_bid,5223.5,3.5,0.5,5223.5,3.5,0.5,5223.0,3.0,0.0,5223.5,3.5,0.5,126,1.0,0.9374
1,667400,VELVETFRUIT_EXTRACT,sell,-1,Mark 55,5227.0,6,31362.0,5221,66,5227,66,5224.0,6,66,3.0,3.0,6.0,0.0,at_ask,5223.0,4.0,1.0,5223.0,4.0,1.0,5223.5,3.5,0.5,5220.5,6.5,3.5,132,1.0,0.9608
1,669900,VELVETFRUIT_EXTRACT,buy,1,Mark 55,5216.0,7,36512.0,5216,67,5222,67,5219.0,6,67,-3.0,3.0,0.0,-6.0,at_bid,5219.5,3.5,0.5,5219.5,3.5,0.5,5218.5,2.5,-0.5,5218.5,2.5,-0.5,134,1.0,0.9683
1,674000,VEV_5300,buy,1,Mark 22,37.0,3,111.0,37,22,39,25,38.0,2,25,-1.0,1.0,0.0,-2.0,at_bid,38.0,1.0,0.0,38.0,1.0,0.0,38.0,1.0,0.0,39.0,2.0,1.0,47,0.8697,0.7152
1,674000,VEV_5400,buy,1,Mark 22,10.0,3,30.0,10,22,11,25,10.5,1,25,-0.5,0.5,0.0,-1.0,at_bid,10.5,0.5,0.0,10.5,0.5,0.0,10.5,0.5,0.0,11.0,1.0,0.5,47,0.6136,0.634
1,674000,VEV_5500,buy,1,Mark 22,4.0,3,12.0,4,22,5,25,4.5,1,25,-0.5,0.5,0.0,-1.0,at_bid,4.5,0.5,0.0,4.5,0.5,0.0,4.5,0.5,0.0,4.5,0.5,0.0,47,0.8473,0.6117
1,674000,VEV_6000,buy,1,Mark 22,0.0,3,0.0,0,22,1,25,0.5,1,25,-0.5,0.5,0.0,-1.0,at_bid,0.5,0.5,0.0,0.5,0.5,0.0,0.5,0.5,0.0,0.5,0.5,0.0,47,1.0,0.5964
1,674000,VEV_6500,buy,1,Mark 22,0.0,3,0.0,0,17,1,20,0.5,1,20,-0.5,0.5,0.0,-1.0,at_bid,0.5,0.5,0.0,0.5,0.5,0.0,0.5,0.5,0.0,0.5,0.5,0.0,37,1.0,0.8512
1,684000,VEV_5400,buy,1,Mark 22,11.0,5,55.0,11,15,12,20,11.5,1,20,-0.5,0.5,0.0,-1.0,at_bid,11.5,0.5,0.0,11.5,0.5,0.0,11.5,0.5,0.0,11.5,0.5,0.0,35,0.6136,0.167
1,684000,VEV_5500,buy,1,Mark 22,4.0,5,20.0,4,15,5,20,4.5,1,20,-0.5,0.5,0.0,-1.0,at_bid,4.5,0.5,0.0,4.5,0.5,0.0,4.5,0.5,0.0,4.5,0.5,0.0,35,0.8473,0.1226
1,684000,VEV_6000,buy,1,Mark 22,0.0,5,0.0,0,15,1,20,0.5,1,20,-0.5,0.5,0.0,-1.0,at_bid,0.5,0.5,0.0,0.5,0.5,0.0,0.5,0.5,0.0,0.5,0.5,0.0,35,1.0,0.0926
1,684000,VEV_6500,buy,1,Mark 22,0.0,5,0.0,0,13,1,18,0.5,1,18,-0.5,0.5,0.0,-1.0,at_bid,0.5,0.5,0.0,0.5,0.5,0.0,0.5,0.5,0.0,0.5,0.5,0.0,31,1.0,0.5042
1,685200,VELVETFRUIT_EXTRACT,sell,-1,Mark 55,5231.0,6,31386.0,5226,23,5231,69,5228.5,5,23,2.5,2.5,5.0,0.0,at_ask,5228.5,2.5,-0.0,5228.5,2.5,-0.0,5227.5,3.5,1.0,5232.5,-1.5,-4.0,92,0.8202,0.7794
1,701200,VEV_5400,buy,1,Mark 22,13.0,2,26.0,13,14,14,16,13.5,1,16,-0.5,0.5,0.0,-1.0,at_bid,13.5,0.5,0.0,13.5,0.5,0.0,13.5,0.5,0.0,13.5,0.5,0.0,30,0.6136,0.0703
1,701200,VEV_5500,buy,1,Mark 22,5.0,2,10.0,5,14,6,16,5.5,1,16,-0.5,0.5,0.0,-1.0,at_bid,5.5,0.5,0.0,5.5,0.5,0.0,5.5,0.5,0.0,5.5,0.5,0.0,30,0.8473,0.0374
1,701200,VEV_6000,buy,1,Mark 22,0.0,2,0.0,0,14,1,16,0.5,1,16,-0.5,0.5,0.0,-1.0,at_bid,0.5,0.5,0.0,0.5,0.5,0.0,0.5,0.5,0.0,0.5,0.5,0.0,30,1.0,0.0164
1,701200,VEV_6500,buy,1,Mark 22,0.0,2,0.0,0,12,1,14,0.5,1,14,-0.5,0.5,0.0,-1.0,at_bid,0.5,0.5,0.0,0.5,0.5,0.0,0.5,0.5,0.0,0.5,0.5,0.0,26,1.0,0.2539
1,702500,VELVETFRUIT_EXTRACT,sell,-1,Mark 55,5248.0,4,20992.0,5243,20,5248,63,5245.5,5,20,2.5,2.5,5.0,0.0,at_ask,5244.0,4.0,1.5,5244.0,4.0,1.5,5246.5,1.5,-1.0,5250.5,-2.5,-5.0,83,0.8202,0.634
1,703200,VEV_5400,buy,1,Mark 22,14.0,5,70.0,14,17,15,22,14.5,1,22,-0.5,0.5,0.0,-1.0,at_bid,15.0,1.0,0.5,15.0,1.0,0.5,15.0,1.0,0.5,15.0,1.0,0.5,39,0.6136,0.3018
1,703200,VEV_5500,buy,1,Mark 22,6.0,5,30.0,6,17,7,22,6.5,1,22,-0.5,0.5,0.0,-1.0,at_bid,6.5,0.5,0.0,6.5,0.5,0.0,6.5,0.5,0.0,6.5,0.5,0.0,39,0.8473,0.2601
1,703200,VEV_6000,buy,1,Mark 22,0.0,5,0.0,0,17,1,22,0.5,1,22,-0.5,0.5,0.0,-1.0,at_bid,0.5,0.5,0.0,0.5,0.5,0.0,0.5,0.5,0.0,0.5,0.5,0.0,39,1.0,0.2311
1,703200,VEV_6500,buy,1,Mark 22,0.0,5,0.0,0,11,1,16,0.5,1,16,-0.5,0.5,0.0,-1.0,at_bid,0.5,0.5,0.0,0.5,0.5,0.0,0.5,0.5,0.0,0.5,0.5,0.0,27,1.0,0.2552
1,704700,VELVETFRUIT_EXTRACT,sell,-1,Mark 55,5257.0,8,42056.0,5252,17,5257,66,5254.5,5,17,2.5,2.5,5.0,0.0,at_ask,5253.0,4.0,1.5,5253.0,4.0,1.5,5252.0,5.0,2.5,5254.0,3.0,0.5,83,0.8202,0.634
1,710500,VEV_5400,buy,1,Mark 22,15.0,5,75.0,15,14,16,19,15.5,1,19,-0.5,0.5,0.0,-1.0,at_bid,16.0,1.0,0.5,16.0,1.0,0.5,16.0,1.0,0.5,16.0,1.0,0.5,33,0.6136,0.1182
1,710500,VEV_5500,buy,1,Mark 22,6.0,5,30.0,6,14,7,19,6.5,1,19,-0.5,0.5,0.0,-1.0,at_bid,6.5,0.5,0.0,6.5,0.5,0.0,7.0,1.0,0.5,6.5,0.5,0.0,33,0.8473,0.0769
1,710500,VEV_6000,buy,1,Mark 22,0.0,5,0.0,0,14,1,19,0.5,1,19,-0.5,0.5,0.0,-1.0,at_bid,0.5,0.5,0.0,0.5,0.5,0.0,0.5,0.5,0.0,0.5,0.5,0.0,33,1.0,0.0483
1,710500,VEV_6500,buy,1,Mark 22,0.0,5,0.0,0,14,1,19,0.5,1,19,-0.5,0.5,0.0,-1.0,at_bid,0.5,0.5,0.0,0.5,0.5,0.0,0.5,0.5,0.0,0.5,0.5,0.0,33,1.0,0.6274
1,715000,VEV_5400,buy,1,Mark 22,18.0,5,90.0,18,24,19,29,18.5,1,29,-0.5,0.5,0.0,-1.0,at_bid,18.5,0.5,0.0,18.5,0.5,0.0,18.5,0.5,0.0,19.0,1.0,0.5,53,0.6136,0.8684
1,715000,VEV_5500,buy,1,Mark 22,7.0,5,35.0,7,24,8,29,7.5,1,29,-0.5,0.5,0.0,-1.0,at_bid,7.5,0.5,0.0,7.5,0.5,0.0,7.5,0.5,0.0,8.5,1.5,1.0,53,0.8473,0.8586
1,715000,VEV_6000,buy,1,Mark 22,0.0,5,0.0,0,24,1,29,0.5,1,29,-0.5,0.5,0.0,-1.0,at_bid,0.5,0.5,0.0,0.5,0.5,0.0,0.5,0.5,0.0,0.5,0.5,0.0,53,1.0,0.8533
1,715000,VEV_6500,buy,1,Mark 22,0.0,5,0.0,0,11,1,16,0.5,1,16,-0.5,0.5,0.0,-1.0,at_bid,0.5,0.5,0.0,0.5,0.5,0.0,0.5,0.5,0.0,0.5,0.5,0.0,27,1.0,0.2552
1,720500,VEV_5400,buy,1,Mark 22,17.0,2,34.0,17,19,18,21,17.5,1,21,-0.5,0.5,0.0,-1.0,at_bid,18.0,1.0,0.5,18.0,1.0,0.5,17.5,0.5,0.0,17.5,0.5,0.0,40,0.6136,0.3895
1,720500,VEV_5500,buy,1,Mark 22,7.0,2,14.0,7,19,8,21,7.5,1,21,-0.5,0.5,0.0,-1.0,at_bid,7.5,0.5,0.0,7.5,0.5,0.0,7.5,0.5,0.0,7.5,0.5,0.0,40,0.8473,0.3503
1,720500,VEV_6000,buy,1,Mark 22,0.0,2,0.0,0,19,1,21,0.5,1,21,-0.5,0.5,0.0,-1.0,at_bid,0.5,0.5,0.0,0.5,0.5,0.0,0.5,0.5,0.0,0.5,0.5,0.0,40,1.0,0.3248
1,720500,VEV_6500,buy,1,Mark 22,0.0,2,0.0,0,17,1,19,0.5,1,19,-0.5,0.5,0.0,-1.0,at_bid,0.5,0.5,0.0,0.5,0.5,0.0,0.5,0.5,0.0,0.5,0.5,0.0,36,1.0,0.8507
1,725000,VEV_5300,buy,1,Mark 22,53.0,4,212.0,53,21,55,25,54.0,2,25,-1.0,1.0,0.0,-2.0,at_bid,53.5,0.5,-0.5,53.5,0.5,-0.5,53.5,0.5,-0.5,53.0,0.0,-1.0,46,0.8697,0.7148
1,725000,VEV_5400,buy,1,Mark 22,17.0,4,68.0,17,21,19,25,18.0,2,25,-1.0,1.0,0.0,-2.0,at_bid,17.5,0.5,-0.5,17.5,0.5,-0.5,17.5,0.5,-0.5,17.5,0.5,-0.5,46,1.0,0.6332
1,725000,VEV_5500,buy,1,Mark 22,7.0,4,28.0,7,21,8,25,7.5,1,25,-0.5,0.5,0.0,-1.0,at_bid,7.5,0.5,0.0,7.5,0.5,0.0,7.5,0.5,0.0,7.5,0.5,0.0,46,0.8473,0.6109
1,725000,VEV_6000,buy,1,Mark 22,0.0,4,0.0,0,21,1,25,0.5,1,25,-0.5,0.5,0.0,-1.0,at_bid,0.5,0.5,0.0,0.5,0.5,0.0,0.5,0.5,0.0,0.5,0.5,0.0,46,1.0,0.595
1,725000,VEV_6500,buy,1,Mark 22,0.0,4,0.0,0,12,1,16,0.5,1,16,-0.5,0.5,0.0,-1.0,at_bid,0.5,0.5,0.0,0.5,0.5,0.0,0.5,0.5,0.0,0.5,0.5,0.0,28,1.0,0.3778
1,725400,VELVETFRUIT_EXTRACT,sell,-1,Mark 55,5267.0,5,26335.0,5261,65,5267,65,5264.0,6,65,3.0,3.0,6.0,0.0,at_ask,5264.5,2.5,-0.5,5264.5,2.5,-0.5,5264.5,2.5,-0.5,5262.0,5.0,2.0,130,1.0,0.9544
1,731200,VELVETFRUIT_EXTRACT,sell,-1,Mark 55,5276.0,4,21104.0,5271,16,5276,53,5273.5,5,16,2.5,2.5,5.0,0.0,at_ask,5274.5,1.5,-1.0,5274.5,1.5,-1.0,5273.5,2.5,-0.0,5279.5,-3.5,-6.0,69,0.8202,0.3581
1,735100,VEV_5500,buy,1,Mark 22,9.0,4,36.0,9,16,10,20,9.5,1,20,-0.5,0.5,0.0,-1.0,at_bid,9.0,0.0,-0.5,9.0,0.0,-0.5,9.0,0.0,-0.5,9.0,0.0,-0.5,36,0.8473,0.182
1,735100,VEV_6000,buy,1,Mark 22,0.0,4,0.0,0,16,1,20,0.5,1,20,-0.5,0.5,0.0,-1.0,at_bid,0.5,0.5,0.0,0.5,0.5,0.0,0.5,0.5,0.0,0.5,0.5,0.0,36,1.0,0.1531
1,735100,VEV_6500,buy,1,Mark 22,0.0,4,0.0,0,12,1,16,0.5,1,16,-0.5,0.5,0.0,-1.0,at_bid,0.5,0.5,0.0,0.5,0.5,0.0,0.5,0.5,0.0,0.5,0.5,0.0,28,1.0,0.3778
1,741900,VEV_5400,buy,1,Mark 22,17.0,4,68.0,17,13,19,17,18.0,2,17,-1.0,1.0,0.0,-2.0,at_bid,17.5,0.5,-0.5,17.5,0.5,-0.5,17.5,0.5,-0.5,17.5,0.5,-0.5,30,1.0,0.0703
1,741900,VEV_5500,buy,1,Mark 22,7.0,4,28.0,7,13,8,17,7.5,1,17,-0.5,0.5,0.0,-1.0,at_bid,7.5,0.5,0.0,7.5,0.5,0.0,7.5,0.5,0.0,7.5,0.5,0.0,30,0.8473,0.0374
1,741900,VEV_6000,buy,1,Mark 22,0.0,4,0.0,0,13,1,17,0.5,1,17,-0.5,0.5,0.0,-1.0,at_bid,0.5,0.5,0.0,0.5,0.5,0.0,0.5,0.5,0.0,0.5,0.5,0.0,30,1.0,0.0164
1,741900,VEV_6500,buy,1,Mark 22,0.0,4,0.0,0,10,1,14,0.5,1,14,-0.5,0.5,0.0,-1.0,at_bid,0.5,0.5,0.0,0.5,0.5,0.0,0.5,0.5,0.0,0.5,0.5,0.0,24,1.0,0.1491
1,746300,VEV_5500,buy,1,Mark 22,8.0,4,32.0,8,23,9,27,8.5,1,27,-0.5,0.5,0.0,-1.0,at_bid,8.5,0.5,0.0,8.5,0.5,0.0,8.5,0.5,0.0,8.5,0.5,0.0,50,0.8473,0.7842
1,746300,VEV_6000,buy,1,Mark 22,0.0,4,0.0,0,23,1,27,0.5,1,27,-0.5,0.5,0.0,-1.0,at_bid,0.5,0.5,0.0,0.5,0.5,0.0,0.5,0.5,0.0,0.5,0.5,0.0,50,1.0,0.7759
1,746300,VEV_6500,buy,1,Mark 22,0.0,4,0.0,0,9,1,13,0.5,1,13,-0.5,0.5,0.0,-1.0,at_bid,0.5,0.5,0.0,0.5,0.5,0.0,0.5,0.5,0.0,0.5,0.5,0.0,22,1.0,0.0743
1,749700,VELVETFRUIT_EXTRACT,sell,-1,Mark 55,5277.0,5,26385.0,5272,23,5277,69,5274.5,5,23,2.5,2.5,5.0,0.0,at_ask,5274.5,2.5,-0.0,5274.5,2.5,-0.0,5273.0,4.0,1.5,5271.5,5.5,3.0,92,0.8202,0.7794
1,750500,VELVETFRUIT_EXTRACT,sell,-1,Mark 55,5273.0,7,36911.0,5268,24,5273,61,5270.5,5,24,2.5,2.5,5.0,0.0,at_ask,5269.5,3.5,1.0,5269.5,3.5,1.0,5268.5,4.5,2.0,5270.0,3.0,0.5,85,0.8202,0.6744
1,754200,VEV_5400,buy,1,Mark 22,16.0,3,48.0,16,21,17,24,16.5,1,24,-0.5,0.5,0.0,-1.0,at_bid,16.5,0.5,0.0,16.5,0.5,0.0,16.5,0.5,0.0,17.0,1.0,0.5,45,0.6136,0.5549
1,754200,VEV_5500,buy,1,Mark 22,6.0,3,18.0,6,21,8,24,7.0,2,24,-1.0,1.0,0.0,-2.0,at_bid,6.5,0.5,-0.5,6.5,0.5,-0.5,7.0,1.0,0.0,7.5,1.5,0.5,45,1.0,0.526
1,754200,VEV_6000,buy,1,Mark 22,0.0,3,0.0,0,21,1,24,0.5,1,24,-0.5,0.5,0.0,-1.0,at_bid,0.5,0.5,0.0,0.5,0.5,0.0,0.5,0.5,0.0,0.5,0.5,0.0,45,1.0,0.5075
1,754200,VEV_6500,buy,1,Mark 22,0.0,3,0.0,0,10,1,13,0.5,1,13,-0.5,0.5,0.0,-1.0,at_bid,0.5,0.5,0.0,0.5,0.5,0.0,0.5,0.5,0.0,0.5,0.5,0.0,23,1.0,0.0747
1,760000,VEV_5400,buy,1,Mark 22,19.0,2,38.0,19,26,21,28,20.0,2,28,-1.0,1.0,0.0,-2.0,at_bid,19.5,0.5,-0.5,19.5,0.5,-0.5,19.5,0.5,-0.5,19.5,0.5,-0.5,54,1.0,0.9224
1,760000,VEV_5500,buy,1,Mark 22,8.0,2,16.0,8,26,9,28,8.5,1,28,-0.5,0.5,0.0,-1.0,at_bid,8.5,0.5,0.0,8.5,0.5,0.0,8.5,0.5,0.0,8.5,0.5,0.0,54,0.8473,0.9167
1,760000,VEV_6000,buy,1,Mark 22,0.0,2,0.0,0,26,1,28,0.5,1,28,-0.5,0.5,0.0,-1.0,at_bid,0.5,0.5,0.0,0.5,0.5,0.0,0.5,0.5,0.0,0.5,0.5,0.0,54,1.0,0.9135
1,760000,VEV_6500,buy,1,Mark 22,0.0,2,0.0,0,9,1,11,0.5,1,11,-0.5,0.5,0.0,-1.0,at_bid,0.5,0.5,0.0,0.5,0.5,0.0,0.5,0.5,0.0,0.5,0.5,0.0,20,1.0,0.0243
1,760200,VELVETFRUIT_EXTRACT,sell,-1,Mark 55,5277.0,5,26385.0,5272,15,5277,57,5274.5,5,15,2.5,2.5,5.0,0.0,at_ask,5275.0,2.0,-0.5,5275.0,2.0,-0.5,5275.5,1.5,-1.0,5272.5,4.5,2.0,72,0.8202,0.4027
1,762400,VELVETFRUIT_EXTRACT,buy,1,Mark 55,5268.0,3,15804.0,5268,55,5274,55,5271.0,6,55,-3.0,3.0,0.0,-6.0,at_bid,5271.5,3.5,0.5,5271.5,3.5,0.5,5272.5,4.5,1.5,5272.5,4.5,1.5,110,1.0,0.8697
1,772500,VELVETFRUIT_EXTRACT,buy,1,Mark 55,5260.0,7,36820.0,5260,58,5265,23,5262.5,5,23,-2.5,2.5,0.0,-5.0,at_bid,5262.5,2.5,0.0,5262.5,2.5,0.0,5261.5,1.5,-1.0,5259.5,-0.5,-3.0,81,0.8202,0.5903
1,775000,VELVETFRUIT_EXTRACT,sell,-1,Mark 55,5266.0,4,21064.0,5260,65,5266,65,5263.0,6,65,3.0,3.0,6.0,0.0,at_ask,5262.0,4.0,1.0,5262.0,4.0,1.0,5260.5,5.5,2.5,5259.5,6.5,3.5,130,1.0,0.9544
1,777000,VELVETFRUIT_EXTRACT,sell,-1,Mark 55,5270.0,6,31620.0,5264,67,5270,67,5267.0,6,67,3.0,3.0,6.0,0.0,at_ask,5266.0,4.0,1.0,5266.0,4.0,1.0,5264.5,5.5,2.5,5266.5,3.5,0.5,134,1.0,0.9683
1,785800,VEV_5400,buy,1,Mark 22,15.0,3,45.0,15,17,16,20,15.5,1,20,-0.5,0.5,0.0,-1.0,at_bid,15.5,0.5,0.0,15.5,0.5,0.0,15.5,0.5,0.0,15.0,0.0,-0.5,37,0.6136,0.2278
1,785800,VEV_5500,buy,1,Mark 22,6.0,3,18.0,6,17,7,20,6.5,1,20,-0.5,0.5,0.0,-1.0,at_bid,6.5,0.5,0.0,6.5,0.5,0.0,6.5,0.5,0.0,6.0,0.0,-0.5,37,0.8473,0.1836
1,785800,VEV_6000,buy,1,Mark 22,0.0,3,0.0,0,17,1,20,0.5,1,20,-0.5,0.5,0.0,-1.0,at_bid,0.5,0.5,0.0,0.5,0.5,0.0,0.5,0.5,0.0,0.5,0.5,0.0,37,1.0,0.1536
1,785800,VEV_6500,buy,1,Mark 22,0.0,3,0.0,0,11,1,14,0.5,1,14,-0.5,0.5,0.0,-1.0,at_bid,0.5,0.5,0.0,0.5,0.5,0.0,0.5,0.5,0.0,0.5,0.5,0.0,25,1.0,0.1499
1,787700,VELVETFRUIT_EXTRACT,sell,-1,Mark 55,5260.0,6,31560.0,5254,51,5260,51,5257.0,6,51,3.0,3.0,6.0,0.0,at_ask,5258.5,1.5,-1.5,5258.5,1.5,-1.5,5258.5,1.5,-1.5,5259.5,0.5,-2.5,102,1.0,0.8414
1,794800,VELVETFRUIT_EXTRACT,sell,-1,Mark 55,5258.0,8,42064.0,5255,8,5258,66,5256.5,3,8,1.5,1.5,3.0,0.0,at_ask,5253.5,4.5,3.0,5253.5,4.5,3.0,5252.5,5.5,4.0,5253.5,4.5,3.0,74,0.0732,0.4369
1,798100,VEV_5400,buy,1,Mark 22,15.0,4,60.0,15,17,16,21,15.5,1,21,-0.5,0.5,0.0,-1.0,at_bid,15.5,0.5,0.0,15.5,0.5,0.0,15.5,0.5,0.0,15.5,0.5,0.0,38,0.6136,0.2998
1,798100,VEV_5500,buy,1,Mark 22,6.0,4,24.0,6,17,7,21,6.5,1,21,-0.5,0.5,0.0,-1.0,at_bid,6.5,0.5,0.0,6.5,0.5,0.0,6.5,0.5,0.0,6.5,0.5,0.0,38,0.8473,0.2588
1,798100,VEV_6000,buy,1,Mark 22,0.0,4,0.0,0,17,1,21,0.5,1,21,-0.5,0.5,0.0,-1.0,at_bid,0.5,0.5,0.0,0.5,0.5,0.0,0.5,0.5,0.0,0.5,0.5,0.0,38,1.0,0.2303
1,798100,VEV_6500,buy,1,Mark 22,0.0,4,0.0,0,15,1,19,0.5,1,19,-0.5,0.5,0.0,-1.0,at_bid,0.5,0.5,0.0,0.5,0.5,0.0,0.5,0.5,0.0,0.5,0.5,0.0,34,1.0,0.7524
1,800400,VEV_5300,buy,1,Mark 22,45.0,3,135.0,45,24,47,27,46.0,2,27,-1.0,1.0,0.0,-2.0,at_bid,45.0,0.0,-1.0,45.0,0.0,-1.0,45.5,0.5,-0.5,46.0,1.0,0.0,51,0.8697,0.841
1,800400,VEV_5500,buy,1,Mark 22,5.0,3,15.0,5,24,6,27,5.5,1,27,-0.5,0.5,0.0,-1.0,at_bid,5.5,0.5,0.0,5.5,0.5,0.0,5.5,0.5,0.0,5.5,0.5,0.0,51,0.8473,0.7849
1,800400,VEV_6000,buy,1,Mark 22,0.0,3,0.0,0,24,1,27,0.5,1,27,-0.5,0.5,0.0,-1.0,at_bid,0.5,0.5,0.0,0.5,0.5,0.0,0.5,0.5,0.0,0.5,0.5,0.0,51,1.0,0.7767
1,800400,VEV_6500,buy,1,Mark 22,0.0,3,0.0,0,12,1,15,0.5,1,15,-0.5,0.5,0.0,-1.0,at_bid,0.5,0.5,0.0,0.5,0.5,0.0,0.5,0.5,0.0,0.5,0.5,0.0,27,1.0,0.2552
1,801800,VEV_5400,buy,1,Mark 22,13.0,2,26.0,13,19,14,7,13.5,1,7,-0.5,0.5,0.0,-1.0,at_bid,13.5,0.5,0.0,13.5,0.5,0.0,13.5,0.5,0.0,13.5,0.5,0.0,26,0.6136,0.0264
1,801800,VEV_5500,buy,1,Mark 22,5.0,2,10.0,5,19,6,21,5.5,1,21,-0.5,0.5,0.0,-1.0,at_bid,5.5,0.5,0.0,5.5,0.5,0.0,5.5,0.5,0.0,5.5,0.5,0.0,40,0.8473,0.3503
1,801800,VEV_6000,buy,1,Mark 22,0.0,2,0.0,0,19,1,21,0.5,1,21,-0.5,0.5,0.0,-1.0,at_bid,0.5,0.5,0.0,0.5,0.5,0.0,0.5,0.5,0.0,0.5,0.5,0.0,40,1.0,0.3248
1,801800,VEV_6500,buy,1,Mark 22,0.0,2,0.0,0,16,1,18,0.5,1,18,-0.5,0.5,0.0,-1.0,at_bid,0.5,0.5,0.0,0.5,0.5,0.0,0.5,0.5,0.0,0.5,0.5,0.0,34,1.0,0.7524
1,807400,VELVETFRUIT_EXTRACT,sell,-1,Mark 55,5253.0,4,21012.0,5247,66,5253,66,5250.0,6,66,3.0,3.0,6.0,0.0,at_ask,5249.5,3.5,0.5,5249.5,3.5,0.5,5249.5,3.5,0.5,5247.5,5.5,2.5,132,1.0,0.9608
1,807800,VEV_5300,buy,1,Mark 22,45.0,3,135.0,45,16,47,19,46.0,2,19,-1.0,1.0,0.0,-2.0,at_bid,45.5,0.5,-0.5,45.5,0.5,-0.5,46.0,1.0,0.0,46.5,1.5,0.5,35,0.8697,0.3153
1,807800,VEV_5400,buy,1,Mark 22,13.0,3,39.0,13,16,15,19,14.0,2,19,-1.0,1.0,0.0,-2.0,at_bid,13.5,0.5,-0.5,13.5,0.5,-0.5,14.0,1.0,0.0,14.5,1.5,0.5,35,1.0,0.167
1,807800,VEV_5500,buy,1,Mark 22,5.0,3,15.0,5,16,6,19,5.5,1,19,-0.5,0.5,0.0,-1.0,at_bid,5.5,0.5,0.0,5.5,0.5,0.0,5.5,0.5,0.0,5.5,0.5,0.0,35,0.8473,0.1226
1,807800,VEV_6000,buy,1,Mark 22,0.0,3,0.0,0,16,1,19,0.5,1,19,-0.5,0.5,0.0,-1.0,at_bid,0.5,0.5,0.0,0.5,0.5,0.0,0.5,0.5,0.0,0.5,0.5,0.0,35,1.0,0.0926
1,807800,VEV_6500,buy,1,Mark 22,0.0,3,0.0,0,12,1,15,0.5,1,15,-0.5,0.5,0.0,-1.0,at_bid,0.5,0.5,0.0,0.5,0.5,0.0,0.5,0.5,0.0,0.5,0.5,0.0,27,1.0,0.2552
1,812600,VEV_5300,buy,1,Mark 22,40.0,4,160.0,40,18,42,22,41.0,2,22,-1.0,1.0,0.0,-2.0,at_bid,41.0,1.0,0.0,41.0,1.0,0.0,40.0,0.0,-1.0,39.0,-1.0,-2.0,40,0.8697,0.5186
1,812600,VEV_5400,buy,1,Mark 22,11.0,4,44.0,11,18,12,22,11.5,1,22,-0.5,0.5,0.0,-1.0,at_bid,11.5,0.5,0.0,11.5,0.5,0.0,11.5,0.5,0.0,11.0,0.0,-0.5,40,0.6136,0.3895
1,812600,VEV_5500,buy,1,Mark 22,4.0,4,16.0,4,18,5,22,4.5,1,22,-0.5,0.5,0.0,-1.0,at_bid,4.5,0.5,0.0,4.5,0.5,0.0,4.5,0.5,0.0,4.5,0.5,0.0,40,0.8473,0.3503
1,812600,VEV_6000,buy,1,Mark 22,0.0,4,0.0,0,18,1,22,0.5,1,22,-0.5,0.5,0.0,-1.0,at_bid,0.5,0.5,0.0,0.5,0.5,0.0,0.5,0.5,0.0,0.5,0.5,0.0,40,1.0,0.3248
1,812600,VEV_6500,buy,1,Mark 22,0.0,4,0.0,0,13,1,17,0.5,1,17,-0.5,0.5,0.0,-1.0,at_bid,0.5,0.5,0.0,0.5,0.5,0.0,0.5,0.5,0.0,0.5,0.5,0.0,30,1.0,0.5029
1,813000,VEV_5500,buy,1,Mark 22,4.0,3,12.0,4,18,5,21,4.5,1,21,-0.5,0.5,0.0,-1.0,at_bid,4.5,0.5,0.0,4.5,0.5,0.0,4.5,0.5,0.0,4.5,0.5,0.0,39,0.8473,0.2601
1,813000,VEV_6000,buy,1,Mark 22,0.0,3,0.0,0,18,1,21,0.5,1,21,-0.5,0.5,0.0,-1.0,at_bid,0.5,0.5,0.0,0.5,0.5,0.0,0.5,0.5,0.0,0.5,0.5,0.0,39,1.0,0.2311
1,813000,VEV_6500,buy,1,Mark 22,0.0,3,0.0,0,12,1,15,0.5,1,15,-0.5,0.5,0.0,-1.0,at_bid,0.5,0.5,0.0,0.5,0.5,0.0,0.5,0.5,0.0,0.5,0.5,0.0,27,1.0,0.2552
1,817900,VELVETFRUIT_EXTRACT,buy,1,Mark 55,5228.0,5,26140.0,5228,64,5234,64,5231.0,6,64,-3.0,3.0,0.0,-6.0,at_bid,5230.0,2.0,-1.0,5230.0,2.0,-1.0,5231.5,3.5,0.5,5232.5,4.5,1.5,128,1.0,0.9467
1,824800,VEV_5500,buy,1,Mark 22,5.0,5,25.0,5,11,6,16,5.5,1,16,-0.5,0.5,0.0,-1.0,at_bid,5.5,0.5,0.0,5.5,0.5,0.0,5.5,0.5,0.0,5.5,0.5,0.0,27,0.8473,0.0124
1,824800,VEV_6000,buy,1,Mark 22,0.0,5,0.0,0,11,1,16,0.5,1,16,-0.5,0.5,0.0,-1.0,at_bid,0.5,0.5,0.0,0.5,0.5,0.0,0.5,0.5,0.0,0.5,0.5,0.0,27,1.0,0.0002
1,824800,VEV_6500,buy,1,Mark 22,0.0,5,0.0,0,14,1,19,0.5,1,19,-0.5,0.5,0.0,-1.0,at_bid,0.5,0.5,0.0,0.5,0.5,0.0,0.5,0.5,0.0,0.5,0.5,0.0,33,1.0,0.6274
1,827500,VELVETFRUIT_EXTRACT,sell,-1,Mark 55,5247.0,8,41976.0,5242,21,5247,58,5244.5,5,21,2.5,2.5,5.0,0.0,at_ask,5243.5,3.5,1.0,5243.5,3.5,1.0,5241.5,5.5,3.0,5240.5,6.5,4.0,79,0.8202,0.5428
1,836000,VELVETFRUIT_EXTRACT,buy,1,Mark 55,5244.0,6,31464.0,5244,50,5249,16,5246.5,5,16,-2.5,2.5,0.0,-5.0,at_bid,5247.5,3.5,1.0,5247.5,3.5,1.0,5247.5,3.5,1.0,5248.5,4.5,2.0,66,0.8202,0.3221
1,848900,VEV_6000,buy,1,Mark 22,0.0,5,0.0,0,21,1,26,0.5,1,26,-0.5,0.5,0.0,-1.0,at_bid,0.5,0.5,0.0,0.5,0.5,0.0,0.5,0.5,0.0,0.5,0.5,0.0,47,1.0,0.5964
1,848900,VEV_6500,buy,1,Mark 22,0.0,5,0.0,0,7,1,12,0.5,1,12,-0.5,0.5,0.0,-1.0,at_bid,0.5,0.5,0.0,0.5,0.5,0.0,0.5,0.5,0.0,0.5,0.5,0.0,19,1.0,0.0005
1,849300,VELVETFRUIT_EXTRACT,sell,-1,Mark 55,5270.0,8,42160.0,5265,18,5270,60,5267.5,5,18,2.5,2.5,5.0,0.0,at_ask,5267.5,2.5,-0.0,5267.5,2.5,-0.0,5268.0,2.0,-0.5,5264.5,5.5,3.0,78,0.8202,0.521
1,851200,VEV_5400,buy,1,Mark 22,16.0,3,48.0,16,19,17,22,16.5,1,22,-0.5,0.5,0.0,-1.0,at_bid,16.5,0.5,0.0,16.5,0.5,0.0,16.5,0.5,0.0,16.5,0.5,0.0,41,0.6136,0.3899
1,851200,VEV_5500,buy,1,Mark 22,6.0,3,18.0,6,19,7,22,6.5,1,22,-0.5,0.5,0.0,-1.0,at_bid,6.5,0.5,0.0,6.5,0.5,0.0,6.5,0.5,0.0,6.5,0.5,0.0,41,0.8473,0.3511
1,851200,VEV_6000,buy,1,Mark 22,0.0,3,0.0,0,19,1,22,0.5,1,22,-0.5,0.5,0.0,-1.0,at_bid,0.5,0.5,0.0,0.5,0.5,0.0,0.5,0.5,0.0,0.5,0.5,0.0,41,1.0,0.3255
1,851200,VEV_6500,buy,1,Mark 22,0.0,3,0.0,0,11,1,14,0.5,1,14,-0.5,0.5,0.0,-1.0,at_bid,0.5,0.5,0.0,0.5,0.5,0.0,0.5,0.5,0.0,0.5,0.5,0.0,25,1.0,0.1499
1,852200,VELVETFRUIT_EXTRACT,sell,-1,Mark 55,5270.0,4,21080.0,5264,57,5270,57,5267.0,6,57,3.0,3.0,6.0,0.0,at_ask,5265.5,4.5,1.5,5265.5,4.5,1.5,5266.5,3.5,0.5,5266.0,4.0,1.0,114,1.0,0.8856
1,852900,VELVETFRUIT_EXTRACT,buy,1,Mark 55,5265.0,7,36855.0,5265,66,5267,10,5266.0,2,10,-1.0,1.0,0.0,-2.0,at_bid,5266.5,1.5,0.5,5266.5,1.5,0.5,5267.5,2.5,1.5,5270.0,5.0,4.0,76,0.0411,0.4747
1,865400,VEV_5400,buy,1,Mark 22,14.0,5,70.0,14,17,16,22,15.0,2,22,-1.0,1.0,0.0,-2.0,at_bid,15.0,1.0,0.0,15.0,1.0,0.0,14.5,0.5,-0.5,14.5,0.5,-0.5,39,1.0,0.3018
1,865400,VEV_5500,buy,1,Mark 22,6.0,5,30.0,6,17,7,22,6.5,1,22,-0.5,0.5,0.0,-1.0,at_bid,6.5,0.5,0.0,6.5,0.5,0.0,6.0,0.0,-0.5,6.0,0.0,-0.5,39,0.8473,0.2601
1,865400,VEV_6000,buy,1,Mark 22,0.0,5,0.0,0,17,1,22,0.5,1,22,-0.5,0.5,0.0,-1.0,at_bid,0.5,0.5,0.0,0.5,0.5,0.0,0.5,0.5,0.0,0.5,0.5,0.0,39,1.0,0.2311
1,865400,VEV_6500,buy,1,Mark 22,0.0,5,0.0,0,13,1,18,0.5,1,18,-0.5,0.5,0.0,-1.0,at_bid,0.5,0.5,0.0,0.5,0.5,0.0,0.5,0.5,0.0,0.5,0.5,0.0,31,1.0,0.5042
1,868700,VELVETFRUIT_EXTRACT,buy,1,Mark 55,5246.0,4,20984.0,5246,63,5251,19,5248.5,5,19,-2.5,2.5,0.0,-5.0,at_bid,5248.5,2.5,0.0,5248.5,2.5,0.0,5246.5,0.5,-2.0,5244.5,-1.5,-4.0,82,0.8202,0.6118
1,868800,VEV_5500,buy,1,Mark 22,5.0,2,10.0,5,19,6,21,5.5,1,21,-0.5,0.5,0.0,-1.0,at_bid,5.5,0.5,0.0,5.5,0.5,0.0,5.5,0.5,0.0,5.5,0.5,0.0,40,0.8473,0.3503
1,868800,VEV_6000,buy,1,Mark 22,0.0,2,0.0,0,19,1,21,0.5,1,21,-0.5,0.5,0.0,-1.0,at_bid,0.5,0.5,0.0,0.5,0.5,0.0,0.5,0.5,0.0,0.5,0.5,0.0,40,1.0,0.3248
1,868800,VEV_6500,buy,1,Mark 22,0.0,2,0.0,0,18,1,20,0.5,1,20,-0.5,0.5,0.0,-1.0,at_bid,0.5,0.5,0.0,0.5,0.5,0.0,0.5,0.5,0.0,0.5,0.5,0.0,38,1.0,0.926
1,871500,VELVETFRUIT_EXTRACT,buy,1,Mark 55,5241.0,8,41928.0,5241,57,5246,20,5243.5,5,20,-2.5,2.5,0.0,-5.0,at_bid,5244.5,3.5,1.0,5244.5,3.5,1.0,5244.5,3.5,1.0,5243.5,2.5,0.0,77,0.8202,0.4983
1,874400,VELVETFRUIT_EXTRACT,sell,-1,Mark 55,5246.0,3,15738.0,5241,21,5246,71,5243.5,5,21,2.5,2.5,5.0,0.0,at_ask,5242.5,3.5,1.0,5242.5,3.5,1.0,5243.0,3.0,0.5,5244.5,1.5,-1.0,92,0.8202,0.7794
1,876500,VELVETFRUIT_EXTRACT,sell,-1,Mark 55,5242.0,6,31452.0,5237,16,5242,60,5239.5,5,16,2.5,2.5,5.0,0.0,at_ask,5237.5,4.5,2.0,5237.5,4.5,2.0,5237.0,5.0,2.5,5237.5,4.5,2.0,76,0.8202,0.4747
1,876800,VELVETFRUIT_EXTRACT,sell,-1,Mark 55,5240.0,8,41920.0,5235,23,5240,70,5237.5,5,23,2.5,2.5,5.0,0.0,at_ask,5237.0,3.0,0.5,5237.0,3.0,0.5,5237.5,2.5,-0.0,5237.5,2.5,-0.0,93,0.8202,0.7892
1,884600,VELVETFRUIT_EXTRACT,buy,1,Mark 55,5254.0,7,36778.0,5254,52,5259,15,5256.5,5,15,-2.5,2.5,0.0,-5.0,at_bid,5256.5,2.5,0.0,5256.5,2.5,0.0,5256.5,2.5,0.0,5255.5,1.5,-1.0,67,0.8202,0.3321
1,886600,VELVETFRUIT_EXTRACT,sell,-1,Mark 55,5259.0,5,26295.0,5253,56,5259,56,5256.0,6,56,3.0,3.0,6.0,0.0,at_ask,5255.5,3.5,0.5,5255.5,3.5,0.5,5255.5,3.5,0.5,5256.5,2.5,-0.5,112,1.0,0.8789
1,890200,VELVETFRUIT_EXTRACT,buy,1,Mark 55,5240.0,4,20960.0,5240,52,5245,21,5242.5,5,21,-2.5,2.5,0.0,-5.0,at_bid,5243.5,3.5,1.0,5243.5,3.5,1.0,5244.5,4.5,2.0,5246.5,6.5,4.0,73,0.8202,0.4183
1,899700,VELVETFRUIT_EXTRACT,buy,1,Mark 55,5247.0,5,26235.0,5247,53,5252,23,5249.5,5,23,-2.5,2.5,0.0,-5.0,at_bid,5250.5,3.5,1.0,5250.5,3.5,1.0,5249.5,2.5,0.0,5251.5,4.5,2.0,76,0.8202,0.4747
1,901000,VELVETFRUIT_EXTRACT,sell,-1,Mark 55,5255.0,7,36785.0,5250,15,5255,52,5252.5,5,15,2.5,2.5,5.0,0.0,at_ask,5251.0,4.0,1.5,5251.0,4.0,1.5,5252.5,2.5,-0.0,5254.0,1.0,-1.5,67,0.8202,0.3321
1,901100,VEV_5400,buy,1,Mark 22,14.0,4,56.0,14,19,15,23,14.5,1,23,-0.5,0.5,0.0,-1.0,at_bid,14.5,0.5,0.0,14.5,0.5,0.0,14.5,0.5,0.0,14.5,0.5,0.0,42,0.6136,0.4755
1,901100,VEV_5500,buy,1,Mark 22,5.0,4,20.0,5,19,6,23,5.5,1,23,-0.5,0.5,0.0,-1.0,at_bid,5.5,0.5,0.0,5.5,0.5,0.0,5.5,0.5,0.0,5.5,0.5,0.0,42,0.8473,0.4416
1,901100,VEV_6000,buy,1,Mark 22,0.0,4,0.0,0,19,1,23,0.5,1,23,-0.5,0.5,0.0,-1.0,at_bid,0.5,0.5,0.0,0.5,0.5,0.0,0.5,0.5,0.0,0.5,0.5,0.0,42,1.0,0.4189
1,901100,VEV_6500,buy,1,Mark 22,0.0,4,0.0,0,11,1,15,0.5,1,15,-0.5,0.5,0.0,-1.0,at_bid,0.5,0.5,0.0,0.5,0.5,0.0,0.5,0.5,0.0,0.5,0.5,0.0,26,1.0,0.2539
1,911600,VELVETFRUIT_EXTRACT,sell,-1,Mark 55,5264.0,5,26320.0,5259,16,5264,57,5261.5,5,16,2.5,2.5,5.0,0.0,at_ask,5262.5,1.5,-1.0,5262.5,1.5,-1.0,5263.0,1.0,-1.5,5264.5,-0.5,-3.0,73,0.8202,0.4183
1,917300,VELVETFRUIT_EXTRACT,sell,-1,Mark 55,5266.0,6,31596.0,5260,66,5266,66,5263.0,6,66,3.0,3.0,6.0,0.0,at_ask,5263.0,3.0,-0.0,5263.0,3.0,-0.0,5263.5,2.5,-0.5,5262.5,3.5,0.5,132,1.0,0.9608
1,921000,VEV_5400,buy,1,Mark 22,17.0,4,68.0,17,24,18,28,17.5,1,28,-0.5,0.5,0.0,-1.0,at_bid,17.5,0.5,0.0,17.5,0.5,0.0,18.0,1.0,0.5,18.0,1.0,0.5,52,0.6136,0.8679
1,921000,VEV_5500,buy,1,Mark 22,7.0,4,28.0,7,24,8,28,7.5,1,28,-0.5,0.5,0.0,-1.0,at_bid,7.5,0.5,0.0,7.5,0.5,0.0,7.5,0.5,0.0,7.5,0.5,0.0,52,0.8473,0.8583
1,921000,VEV_6000,buy,1,Mark 22,0.0,4,0.0,0,24,1,28,0.5,1,28,-0.5,0.5,0.0,-1.0,at_bid,0.5,0.5,0.0,0.5,0.5,0.0,0.5,0.5,0.0,0.5,0.5,0.0,52,1.0,0.8528
1,921000,VEV_6500,buy,1,Mark 22,0.0,4,0.0,0,12,1,16,0.5,1,16,-0.5,0.5,0.0,-1.0,at_bid,0.5,0.5,0.0,0.5,0.5,0.0,0.5,0.5,0.0,0.5,0.5,0.0,28,1.0,0.3778
1,928400,VEV_5500,buy,1,Mark 22,8.0,3,24.0,8,19,9,22,8.5,1,22,-0.5,0.5,0.0,-1.0,at_bid,8.5,0.5,0.0,8.5,0.5,0.0,8.5,0.5,0.0,8.0,0.0,-0.5,41,0.8473,0.3511
1,928400,VEV_6000,buy,1,Mark 22,0.0,3,0.0,0,19,1,22,0.5,1,22,-0.5,0.5,0.0,-1.0,at_bid,0.5,0.5,0.0,0.5,0.5,0.0,0.5,0.5,0.0,0.5,0.5,0.0,41,1.0,0.3255
1,928400,VEV_6500,buy,1,Mark 22,0.0,3,0.0,0,11,1,14,0.5,1,14,-0.5,0.5,0.0,-1.0,at_bid,0.5,0.5,0.0,0.5,0.5,0.0,0.5,0.5,0.0,0.5,0.5,0.0,25,1.0,0.1499
1,931200,VELVETFRUIT_EXTRACT,buy,1,Mark 55,5271.0,6,31626.0,5271,60,5276,21,5273.5,5,21,-2.5,2.5,0.0,-5.0,at_bid,5274.5,3.5,1.0,5274.5,3.5,1.0,5275.5,4.5,2.0,5275.5,4.5,2.0,81,0.8202,0.5903
1,937300,VEV_5400,buy,1,Mark 22,15.0,4,60.0,15,16,16,20,15.5,1,20,-0.5,0.5,0.0,-1.0,at_bid,15.5,0.5,0.0,15.5,0.5,0.0,15.5,0.5,0.0,16.0,1.0,0.5,36,0.6136,0.2241
1,937300,VEV_5500,buy,1,Mark 22,6.0,4,24.0,6,16,7,20,6.5,1,20,-0.5,0.5,0.0,-1.0,at_bid,6.5,0.5,0.0,6.5,0.5,0.0,6.5,0.5,0.0,6.5,0.5,0.0,36,0.8473,0.182
1,937300,VEV_6000,buy,1,Mark 22,0.0,4,0.0,0,16,1,20,0.5,1,20,-0.5,0.5,0.0,-1.0,at_bid,0.5,0.5,0.0,0.5,0.5,0.0,0.5,0.5,0.0,0.5,0.5,0.0,36,1.0,0.1531
1,937300,VEV_6500,buy,1,Mark 22,0.0,4,0.0,0,10,1,14,0.5,1,14,-0.5,0.5,0.0,-1.0,at_bid,0.5,0.5,0.0,0.5,0.5,0.0,0.5,0.5,0.0,0.5,0.5,0.0,24,1.0,0.1491
1,937800,VELVETFRUIT_EXTRACT,buy,1,Mark 55,5259.0,6,31554.0,5259,61,5265,61,5262.0,6,61,-3.0,3.0,0.0,-6.0,at_bid,5262.5,3.5,0.5,5262.5,3.5,0.5,5263.5,4.5,1.5,5262.5,3.5,0.5,122,1.0,0.9194
1,943100,VEV_5400,buy,1,Mark 22,13.0,4,52.0,13,13,14,17,13.5,1,17,-0.5,0.5,0.0,-1.0,at_bid,13.5,0.5,0.0,13.5,0.5,0.0,13.0,0.0,-0.5,13.0,0.0,-0.5,30,0.6136,0.0703
1,943100,VEV_5500,buy,1,Mark 22,5.0,4,20.0,5,13,6,17,5.5,1,17,-0.5,0.5,0.0,-1.0,at_bid,5.5,0.5,0.0,5.5,0.5,0.0,5.5,0.5,0.0,5.5,0.5,0.0,30,0.8473,0.0374
1,943100,VEV_6000,buy,1,Mark 22,0.0,4,0.0,0,13,1,17,0.5,1,17,-0.5,0.5,0.0,-1.0,at_bid,0.5,0.5,0.0,0.5,0.5,0.0,0.5,0.5,0.0,0.5,0.5,0.0,30,1.0,0.0164
1,943100,VEV_6500,buy,1,Mark 22,0.0,4,0.0,0,13,1,17,0.5,1,17,-0.5,0.5,0.0,-1.0,at_bid,0.5,0.5,0.0,0.5,0.5,0.0,0.5,0.5,0.0,0.5,0.5,0.0,30,1.0,0.5029
1,944800,VELVETFRUIT_EXTRACT,sell,-1,Mark 55,5245.0,8,41960.0,5239,53,5245,53,5242.0,6,53,3.0,3.0,6.0,0.0,at_ask,5242.5,2.5,-0.5,5242.5,2.5,-0.5,5243.5,1.5,-1.5,5245.5,-0.5,-3.5,106,1.0,0.8536
1,948500,VEV_5300,buy,1,Mark 22,45.0,4,180.0,45,19,47,23,46.0,2,23,-1.0,1.0,0.0,-2.0,at_bid,46.0,1.0,0.0,46.0,1.0,0.0,45.0,0.0,-1.0,46.0,1.0,0.0,42,0.8697,0.5863
1,948500,VEV_5400,buy,1,Mark 22,13.0,4,52.0,13,19,15,23,14.0,2,23,-1.0,1.0,0.0,-2.0,at_bid,14.0,1.0,0.0,14.0,1.0,0.0,13.5,0.5,-0.5,14.0,1.0,0.0,42,1.0,0.4755
1,948500,VEV_5500,buy,1,Mark 22,5.0,4,20.0,5,19,6,23,5.5,1,23,-0.5,0.5,0.0,-1.0,at_bid,5.5,0.5,0.0,5.5,0.5,0.0,5.5,0.5,0.0,5.5,0.5,0.0,42,0.8473,0.4416
1,948500,VEV_6000,buy,1,Mark 22,0.0,4,0.0,0,19,1,23,0.5,1,23,-0.5,0.5,0.0,-1.0,at_bid,0.5,0.5,0.0,0.5,0.5,0.0,0.5,0.5,0.0,0.5,0.5,0.0,42,1.0,0.4189
1,948500,VEV_6500,buy,1,Mark 22,0.0,4,0.0,0,16,1,20,0.5,1,20,-0.5,0.5,0.0,-1.0,at_bid,0.5,0.5,0.0,0.5,0.5,0.0,0.5,0.5,0.0,0.5,0.5,0.0,36,1.0,0.8507
1,950300,VEV_5400,buy,1,Mark 22,14.0,5,70.0,14,23,15,28,14.5,1,28,-0.5,0.5,0.0,-1.0,at_bid,14.5,0.5,0.0,14.5,0.5,0.0,14.5,0.5,0.0,15.0,1.0,0.5,51,0.6136,0.7977
1,950300,VEV_5500,buy,1,Mark 22,5.0,5,25.0,5,23,6,28,5.5,1,28,-0.5,0.5,0.0,-1.0,at_bid,5.5,0.5,0.0,5.5,0.5,0.0,5.5,0.5,0.0,6.0,1.0,0.5,51,0.8473,0.7849
1,950300,VEV_6000,buy,1,Mark 22,0.0,5,0.0,0,23,1,28,0.5,1,28,-0.5,0.5,0.0,-1.0,at_bid,0.5,0.5,0.0,0.5,0.5,0.0,0.5,0.5,0.0,0.5,0.5,0.0,51,1.0,0.7767
1,950300,VEV_6500,buy,1,Mark 22,0.0,5,0.0,0,10,1,15,0.5,1,15,-0.5,0.5,0.0,-1.0,at_bid,0.5,0.5,0.0,0.5,0.5,0.0,0.5,0.5,0.0,0.5,0.5,0.0,25,1.0,0.1499
1,951500,VELVETFRUIT_EXTRACT,sell,-1,Mark 55,5262.0,6,31572.0,5257,19,5262,54,5259.5,5,19,2.5,2.5,5.0,0.0,at_ask,5259.5,2.5,-0.0,5259.5,2.5,-0.0,5259.5,2.5,-0.0,5259.5,2.5,-0.0,73,0.8202,0.4183
1,960700,VELVETFRUIT_EXTRACT,sell,-1,Mark 55,5263.0,4,21052.0,5257,67,5263,67,5260.0,6,67,3.0,3.0,6.0,0.0,at_ask,5260.5,2.5,-0.5,5260.5,2.5,-0.5,5260.5,2.5,-0.5,5263.0,-0.0,-3.0,134,1.0,0.9683
1,965000,VELVETFRUIT_EXTRACT,buy,1,Mark 55,5272.0,4,21088.0,5272,63,5277,24,5274.5,5,24,-2.5,2.5,0.0,-5.0,at_bid,5275.5,3.5,1.0,5275.5,3.5,1.0,5275.5,3.5,1.0,5273.5,1.5,-1.0,87,0.8202,0.7115
1,966200,VELVETFRUIT_EXTRACT,buy,1,Mark 55,5268.0,7,36876.0,5268,61,5273,18,5270.5,5,18,-2.5,2.5,0.0,-5.0,at_bid,5272.5,4.5,2.0,5272.5,4.5,2.0,5273.5,5.5,3.0,5273.5,5.5,3.0,79,0.8202,0.5428
1,972800,VELVETFRUIT_EXTRACT,buy,1,Mark 55,5256.0,3,15768.0,5256,49,5262,49,5259.0,6,49,-3.0,3.0,0.0,-6.0,at_bid,5259.5,3.5,0.5,5259.5,3.5,0.5,5259.5,3.5,0.5,5258.5,2.5,-0.5,98,1.0,0.8264
1,973300,VELVETFRUIT_EXTRACT,sell,-1,Mark 55,5261.0,8,42088.0,5256,23,5261,59,5258.5,5,23,2.5,2.5,5.0,0.0,at_ask,5257.5,3.5,1.0,5257.5,3.5,1.0,5257.5,3.5,1.0,5255.5,5.5,3.0,82,0.8202,0.6118
1,975400,VELVETFRUIT_EXTRACT,buy,1,Mark 55,5255.0,3,15765.0,5255,73,5260,25,5257.5,5,25,-2.5,2.5,0.0,-5.0,at_bid,5256.5,1.5,-1.0,5256.5,1.5,-1.0,5257.5,2.5,0.0,5258.0,3.0,0.5,98,0.8202,0.8264
1,982000,VELVETFRUIT_EXTRACT,sell,-1,Mark 55,5257.0,3,15771.0,5252,18,5257,54,5254.5,5,18,2.5,2.5,5.0,0.0,at_ask,5254.5,2.5,-0.0,5254.5,2.5,-0.0,5253.0,4.0,1.5,5253.5,3.5,1.0,72,0.8202,0.4027
1,988000,VELVETFRUIT_EXTRACT,sell,-1,Mark 55,5256.0,4,21024.0,5251,16,5256,50,5253.5,5,16,2.5,2.5,5.0,0.0,at_ask,5253.5,2.5,-0.0,5253.5,2.5,-0.0,5254.5,1.5,-1.0,5252.5,3.5,1.0,66,0.8202,0.3221
1,988100,VEV_5300,buy,1,Mark 22,46.0,5,230.0,46,20,48,25,47.0,2,25,-1.0,1.0,0.0,-2.0,at_bid,47.5,1.5,0.5,47.5,1.5,0.5,47.0,1.0,0.0,47.0,1.0,0.0,45,0.8697,0.6507
1,988100,VEV_5400,buy,1,Mark 22,14.0,5,70.0,14,20,15,25,14.5,1,25,-0.5,0.5,0.0,-1.0,at_bid,15.0,1.0,0.5,15.0,1.0,0.5,14.5,0.5,0.0,14.5,0.5,0.0,45,0.6136,0.5549
1,988100,VEV_5500,buy,1,Mark 22,5.0,5,25.0,5,20,6,25,5.5,1,25,-0.5,0.5,0.0,-1.0,at_bid,5.5,0.5,0.0,5.5,0.5,0.0,5.5,0.5,0.0,5.5,0.5,0.0,45,0.8473,0.526
1,988100,VEV_6000,buy,1,Mark 22,0.0,5,0.0,0,20,1,25,0.5,1,25,-0.5,0.5,0.0,-1.0,at_bid,0.5,0.5,0.0,0.5,0.5,0.0,0.5,0.5,0.0,0.5,0.5,0.0,45,1.0,0.5075
1,988100,VEV_6500,buy,1,Mark 22,0.0,5,0.0,0,10,1,15,0.5,1,15,-0.5,0.5,0.0,-1.0,at_bid,0.5,0.5,0.0,0.5,0.5,0.0,0.5,0.5,0.0,0.5,0.5,0.0,25,1.0,0.1499
1,990300,VEV_5400,buy,1,Mark 22,15.0,5,75.0,15,17,16,22,15.5,1,22,-0.5,0.5,0.0,-1.0,at_bid,15.5,0.5,0.0,15.5,0.5,0.0,16.0,1.0,0.5,16.0,1.0,0.5,39,0.6136,0.3018
1,990300,VEV_6000,buy,1,Mark 22,0.0,5,0.0,0,17,1,22,0.5,1,22,-0.5,0.5,0.0,-1.0,at_bid,0.5,0.5,0.0,0.5,0.5,0.0,0.5,0.5,0.0,0.5,0.5,0.0,39,1.0,0.2311
1,990300,VEV_6500,buy,1,Mark 22,0.0,5,0.0,0,15,1,20,0.5,1,20,-0.5,0.5,0.0,-1.0,at_bid,0.5,0.5,0.0,0.5,0.5,0.0,0.5,0.5,0.0,0.5,0.5,0.0,35,1.0,0.7536
2,2700,VELVETFRUIT_EXTRACT,buy,1,Mark 55,5269.0,8,42152.0,5269,69,5275,69,5272.0,6,69,-3.0,3.0,0.0,-6.0,at_bid,5271.5,2.5,-0.5,5271.5,2.5,-0.5,5269.5,0.5,-2.5,5273.0,4.0,1.0,138,1.0,0.9856
2,5700,VELVETFRUIT_EXTRACT,buy,1,Mark 55,5273.0,5,26365.0,5273,69,5279,69,5276.0,6,69,-3.0,3.0,0.0,-6.0,at_bid,5274.5,1.5,-1.5,5274.5,1.5,-1.5,5276.0,3.0,0.0,5275.5,2.5,-0.5,138,1.0,0.9856
2,12600,VELVETFRUIT_EXTRACT,buy,1,Mark 55,5264.0,3,15792.0,5264,58,5269,18,5266.5,5,18,-2.5,2.5,0.0,-5.0,at_bid,5265.0,1.0,-1.5,5265.0,1.0,-1.5,5265.5,1.5,-1.0,5266.0,2.0,-0.5,76,0.8155,0.4817
2,13100,VEV_5400,buy,1,Mark 22,16.0,3,48.0,16,16,18,19,17.0,2,19,-1.0,1.0,0.0,-2.0,at_bid,17.0,1.0,0.0,17.0,1.0,0.0,17.5,1.5,0.5,17.0,1.0,0.0,35,1.0,0.1561
2,13100,VEV_5500,buy,1,Mark 22,6.0,3,18.0,6,16,7,19,6.5,1,19,-0.5,0.5,0.0,-1.0,at_bid,6.5,0.5,0.0,6.5,0.5,0.0,6.5,0.5,0.0,6.5,0.5,0.0,35,0.8841,0.1121
2,13100,VEV_6000,buy,1,Mark 22,0.0,3,0.0,0,16,1,19,0.5,1,19,-0.5,0.5,0.0,-1.0,at_bid,0.5,0.5,0.0,0.5,0.5,0.0,0.5,0.5,0.0,0.5,0.5,0.0,35,1.0,0.0875
2,13100,VEV_6500,buy,1,Mark 22,0.0,3,0.0,0,11,1,14,0.5,1,14,-0.5,0.5,0.0,-1.0,at_bid,0.5,0.5,0.0,0.5,0.5,0.0,0.5,0.5,0.0,0.5,0.5,0.0,25,1.0,0.1472
2,16300,VELVETFRUIT_EXTRACT,sell,-1,Mark 55,5275.0,5,26375.0,5270,16,5275,55,5272.5,5,16,2.5,2.5,5.0,0.0,at_ask,5273.0,2.0,-0.5,5273.0,2.0,-0.5,5273.5,1.5,-1.0,5273.0,2.0,-0.5,71,0.8155,0.3863
2,20900,VEV_5300,buy,1,Mark 22,53.0,5,265.0,53,23,55,28,54.0,2,28,-1.0,1.0,0.0,-2.0,at_bid,54.0,1.0,0.0,54.0,1.0,0.0,53.0,0.0,-1.0,54.0,1.0,0.0,51,0.8955,0.8302
2,20900,VEV_5400,buy,1,Mark 22,17.0,5,85.0,17,23,19,28,18.0,2,28,-1.0,1.0,0.0,-2.0,at_bid,18.0,1.0,0.0,18.0,1.0,0.0,17.5,0.5,-0.5,18.0,1.0,0.0,51,1.0,0.792
2,20900,VEV_5500,buy,1,Mark 22,7.0,5,35.0,7,23,8,28,7.5,1,28,-0.5,0.5,0.0,-1.0,at_bid,7.5,0.5,0.0,7.5,0.5,0.0,7.0,0.0,-0.5,7.5,0.5,0.0,51,0.8841,0.7783
2,20900,VEV_6000,buy,1,Mark 22,0.0,5,0.0,0,23,1,28,0.5,1,28,-0.5,0.5,0.0,-1.0,at_bid,0.5,0.5,0.0,0.5,0.5,0.0,0.5,0.5,0.0,0.5,0.5,0.0,51,1.0,0.773
2,20900,VEV_6500,buy,1,Mark 22,0.0,5,0.0,0,12,1,17,0.5,1,17,-0.5,0.5,0.0,-1.0,at_bid,0.5,0.5,0.0,0.5,0.5,0.0,0.5,0.5,0.0,0.5,0.5,0.0,29,1.0,0.376
2,23100,VELVETFRUIT_EXTRACT,buy,1,Mark 55,5264.0,4,21056.0,5264,58,5270,58,5267.0,6,58,-3.0,3.0,0.0,-6.0,at_bid,5266.5,2.5,-0.5,5266.5,2.5,-0.5,5264.5,0.5,-2.5,5262.5,-1.5,-4.5,116,1.0,0.8972
2,23500,VEV_5400,buy,1,Mark 22,16.0,2,32.0,16,21,17,23,16.5,1,23,-0.5,0.5,0.0,-1.0,at_bid,16.5,0.5,0.0,16.5,0.5,0.0,16.5,0.5,0.0,16.5,0.5,0.0,44,0.6718,0.5467
2,23500,VEV_5500,buy,1,Mark 22,6.0,2,12.0,6,21,7,23,6.5,1,23,-0.5,0.5,0.0,-1.0,at_bid,6.5,0.5,0.0,6.5,0.5,0.0,6.5,0.5,0.0,6.5,0.5,0.0,44,0.8841,0.5195
2,23500,VEV_6000,buy,1,Mark 22,0.0,2,0.0,0,21,1,23,0.5,1,23,-0.5,0.5,0.0,-1.0,at_bid,0.5,0.5,0.0,0.5,0.5,0.0,0.5,0.5,0.0,0.5,0.5,0.0,44,1.0,0.5047
2,23500,VEV_6500,buy,1,Mark 22,0.0,2,0.0,0,14,1,16,0.5,1,16,-0.5,0.5,0.0,-1.0,at_bid,0.5,0.5,0.0,0.5,0.5,0.0,0.5,0.5,0.0,0.5,0.5,0.0,30,1.0,0.4964
2,29500,VEV_5400,buy,1,Mark 22,16.0,2,32.0,16,15,18,17,17.0,2,17,-1.0,1.0,0.0,-2.0,at_bid,16.5,0.5,-0.5,16.5,0.5,-0.5,16.5,0.5,-0.5,16.5,0.5,-0.5,32,1.0,0.1013
2,29500,VEV_5500,buy,1,Mark 22,6.0,2,12.0,6,15,7,17,6.5,1,17,-0.5,0.5,0.0,-1.0,at_bid,6.5,0.5,0.0,6.5,0.5,0.0,6.5,0.5,0.0,6.5,0.5,0.0,32,0.8841,0.0651
2,29500,VEV_6000,buy,1,Mark 22,0.0,2,0.0,0,15,1,17,0.5,1,17,-0.5,0.5,0.0,-1.0,at_bid,0.5,0.5,0.0,0.5,0.5,0.0,0.5,0.5,0.0,0.5,0.5,0.0,32,1.0,0.0434
2,29500,VEV_6500,buy,1,Mark 22,0.0,2,0.0,0,18,1,20,0.5,1,20,-0.5,0.5,0.0,-1.0,at_bid,0.5,0.5,0.0,0.5,0.5,0.0,0.5,0.5,0.0,0.5,0.5,0.0,38,1.0,0.9261
2,33300,VELVETFRUIT_EXTRACT,sell,-1,Mark 55,5271.0,7,36897.0,5266,20,5271,67,5268.5,5,20,2.5,2.5,5.0,0.0,at_ask,5267.5,3.5,1.0,5267.5,3.5,1.0,5268.5,2.5,-0.0,5269.0,2.0,-0.5,87,0.8155,0.7093
2,36100,VELVETFRUIT_EXTRACT,sell,-1,Mark 55,5271.0,4,21084.0,5266,22,5271,68,5268.5,5,22,2.5,2.5,5.0,0.0,at_ask,5268.5,2.5,-0.0,5268.5,2.5,-0.0,5266.5,4.5,2.0,5268.5,2.5,-0.0,90,0.8155,0.7527
2,41700,VELVETFRUIT_EXTRACT,sell,-1,Mark 55,5254.0,5,26270.0,5249,23,5254,58,5251.5,5,23,2.5,2.5,5.0,0.0,at_ask,5252.0,2.0,-0.5,5252.0,2.0,-0.5,5250.5,3.5,1.0,5252.5,1.5,-1.0,81,0.8155,0.5935
2,41900,VEV_5400,buy,1,Mark 22,13.0,2,26.0,13,13,14,5,13.5,1,5,-0.5,0.5,0.0,-1.0,at_bid,13.5,0.5,0.0,13.5,0.5,0.0,14.0,1.0,0.5,14.5,1.5,1.0,18,0.6718,0.0004
2,41900,VEV_5500,buy,1,Mark 22,5.0,2,10.0,5,13,6,15,5.5,1,15,-0.5,0.5,0.0,-1.0,at_bid,5.5,0.5,0.0,5.5,0.5,0.0,5.5,0.5,0.0,5.5,0.5,0.0,28,0.8841,0.0127
2,41900,VEV_6000,buy,1,Mark 22,0.0,2,0.0,0,13,1,15,0.5,1,15,-0.5,0.5,0.0,-1.0,at_bid,0.5,0.5,0.0,0.5,0.5,0.0,0.5,0.5,0.0,0.5,0.5,0.0,28,1.0,0.0009
2,41900,VEV_6500,buy,1,Mark 22,0.0,2,0.0,0,15,1,17,0.5,1,17,-0.5,0.5,0.0,-1.0,at_bid,0.5,0.5,0.0,0.5,0.5,0.0,0.5,0.5,0.0,0.5,0.5,0.0,32,1.0,0.6189
2,42900,VEV_5400,buy,1,Mark 22,14.0,4,56.0,14,21,15,25,14.5,1,25,-0.5,0.5,0.0,-1.0,at_bid,14.5,0.5,0.0,14.5,0.5,0.0,14.5,0.5,0.0,14.5,0.5,0.0,46,0.6718,0.6275
2,42900,VEV_5500,buy,1,Mark 22,5.0,4,20.0,5,21,6,25,5.5,1,25,-0.5,0.5,0.0,-1.0,at_bid,5.5,0.5,0.0,5.5,0.5,0.0,5.5,0.5,0.0,5.5,0.5,0.0,46,0.8841,0.6053
2,42900,VEV_6000,buy,1,Mark 22,0.0,4,0.0,0,21,1,25,0.5,1,25,-0.5,0.5,0.0,-1.0,at_bid,0.5,0.5,0.0,0.5,0.5,0.0,0.5,0.5,0.0,0.5,0.5,0.0,46,1.0,0.5938
2,42900,VEV_6500,buy,1,Mark 22,0.0,4,0.0,0,16,1,20,0.5,1,20,-0.5,0.5,0.0,-1.0,at_bid,0.5,0.5,0.0,0.5,0.5,0.0,0.5,0.5,0.0,0.5,0.5,0.0,36,1.0,0.852
2,43000,VELVETFRUIT_EXTRACT,buy,1,Mark 55,5250.0,8,42000.0,5250,58,5255,15,5252.5,5,15,-2.5,2.5,0.0,-5.0,at_bid,5253.0,3.0,0.5,5253.0,3.0,0.5,5253.0,3.0,0.5,5252.0,2.0,-0.5,73,0.8155,0.4217
2,45100,VEV_5500,buy,1,Mark 22,5.0,5,25.0,5,16,7,21,6.0,2,21,-1.0,1.0,0.0,-2.0,at_bid,5.5,0.5,-0.5,5.5,0.5,-0.5,5.5,0.5,-0.5,5.5,0.5,-0.5,37,1.0,0.1679
2,45100,VEV_6000,buy,1,Mark 22,0.0,5,0.0,0,16,1,21,0.5,1,21,-0.5,0.5,0.0,-1.0,at_bid,0.5,0.5,0.0,0.5,0.5,0.0,0.5,0.5,0.0,0.5,0.5,0.0,37,1.0,0.1428
2,45100,VEV_6500,buy,1,Mark 22,0.0,5,0.0,0,13,1,18,0.5,1,18,-0.5,0.5,0.0,-1.0,at_bid,0.5,0.5,0.0,0.5,0.5,0.0,0.5,0.5,0.0,0.5,0.5,0.0,31,1.0,0.4979
2,48100,VELVETFRUIT_EXTRACT,sell,-1,Mark 55,5261.0,7,36827.0,5256,23,5261,55,5258.5,5,23,2.5,2.5,5.0,0.0,at_ask,5259.5,1.5,-1.0,5259.5,1.5,-1.0,5259.0,2.0,-0.5,5259.5,1.5,-1.0,78,0.8155,0.5249
2,52600,VELVETFRUIT_EXTRACT,sell,-1,Mark 55,5263.0,8,42104.0,5257,72,5263,72,5260.0,6,72,3.0,3.0,6.0,0.0,at_ask,5259.5,3.5,0.5,5259.5,3.5,0.5,5259.5,3.5,0.5,5260.5,2.5,-0.5,144,1.0,0.9964
2,52900,VEV_5500,buy,1,Mark 22,6.0,5,30.0,6,16,7,21,6.5,1,21,-0.5,0.5,0.0,-1.0,at_bid,6.5,0.5,0.0,6.5,0.5,0.0,6.5,0.5,0.0,6.5,0.5,0.0,37,0.8841,0.1679
2,52900,VEV_6000,buy,1,Mark 22,0.0,5,0.0,0,16,1,21,0.5,1,21,-0.5,0.5,0.0,-1.0,at_bid,0.5,0.5,0.0,0.5,0.5,0.0,0.5,0.5,0.0,0.5,0.5,0.0,37,1.0,0.1428
2,52900,VEV_6500,buy,1,Mark 22,0.0,5,0.0,0,7,1,12,0.5,1,12,-0.5,0.5,0.0,-1.0,at_bid,0.5,0.5,0.0,0.5,0.5,0.0,0.5,0.5,0.0,0.5,0.5,0.0,19,1.0,0.0009
2,53200,VELVETFRUIT_EXTRACT,sell,-1,Mark 55,5264.0,5,26320.0,5259,24,5264,69,5261.5,5,24,2.5,2.5,5.0,0.0,at_ask,5261.5,2.5,-0.0,5261.5,2.5,-0.0,5261.5,2.5,-0.0,5259.0,5.0,2.5,93,0.8155,0.7845
2,53600,VELVETFRUIT_EXTRACT,buy,1,Mark 55,5257.0,5,26285.0,5257,63,5262,23,5259.5,5,23,-2.5,2.5,0.0,-5.0,at_bid,5259.0,2.0,-0.5,5259.0,2.0,-0.5,5259.0,2.0,-0.5,5258.5,1.5,-1.0,86,0.8155,0.6904
2,59200,VELVETFRUIT_EXTRACT,sell,-1,Mark 55,5244.0,8,41952.0,5239,25,5244,68,5241.5,5,25,2.5,2.5,5.0,0.0,at_ask,5243.0,1.0,-1.5,5243.0,1.0,-1.5,5242.5,1.5,-1.0,5241.5,2.5,-0.0,93,0.8155,0.7845
2,64300,VELVETFRUIT_EXTRACT,buy,1,Mark 55,5249.0,3,15747.0,5249,52,5255,52,5252.0,6,52,-3.0,3.0,0.0,-6.0,at_bid,5253.5,4.5,1.5,5253.5,4.5,1.5,5253.5,4.5,1.5,5251.5,2.5,-0.5,104,1.0,0.8445
2,67600,VELVETFRUIT_EXTRACT,sell,-1,Mark 55,5262.0,4,21048.0,5257,23,5262,61,5259.5,5,23,2.5,2.5,5.0,0.0,at_ask,5259.5,2.5,-0.0,5259.5,2.5,-0.0,5259.5,2.5,-0.0,5259.5,2.5,-0.0,84,0.8155,0.6554
2,70000,VELVETFRUIT_EXTRACT,buy,1,Mark 55,5255.0,6,31530.0,5255,47,5260,16,5257.5,5,16,-2.5,2.5,0.0,-5.0,at_bid,5256.5,1.5,-1.0,5256.5,1.5,-1.0,5256.5,1.5,-1.0,5256.0,1.0,-1.5,63,0.8155,0.2941
2,73100,VELVETFRUIT_EXTRACT,buy,1,Mark 55,5256.0,7,36792.0,5256,45,5261,15,5258.5,5,15,-2.5,2.5,0.0,-5.0,at_bid,5257.0,1.0,-1.5,5257.0,1.0,-1.5,5256.5,0.5,-2.0,5255.5,-0.5,-3.0,60,0.8155,0.2809
2,73200,VELVETFRUIT_EXTRACT,buy,1,Mark 55,5254.0,5,26270.0,5254,64,5260,64,5257.0,6,64,-3.0,3.0,0.0,-6.0,at_bid,5256.5,2.5,-0.5,5256.5,2.5,-0.5,5255.5,1.5,-1.5,5256.5,2.5,-0.5,128,1.0,0.95
2,75200,VEV_5300,buy,1,Mark 22,46.0,4,184.0,46,20,48,24,47.0,2,24,-1.0,1.0,0.0,-2.0,at_bid,46.0,0.0,-1.0,46.0,0.0,-1.0,47.0,1.0,0.0,47.0,1.0,0.0,44,0.8955,0.629
2,75200,VEV_5400,buy,1,Mark 22,14.0,4,56.0,14,20,15,24,14.5,1,24,-0.5,0.5,0.0,-1.0,at_bid,14.5,0.5,0.0,14.5,0.5,0.0,14.5,0.5,0.0,14.5,0.5,0.0,44,0.6718,0.5467
2,75200,VEV_5500,buy,1,Mark 22,5.0,4,20.0,5,20,6,24,5.5,1,24,-0.5,0.5,0.0,-1.0,at_bid,5.5,0.5,0.0,5.5,0.5,0.0,5.5,0.5,0.0,5.5,0.5,0.0,44,0.8841,0.5195
2,75200,VEV_6000,buy,1,Mark 22,0.0,4,0.0,0,20,1,24,0.5,1,24,-0.5,0.5,0.0,-1.0,at_bid,0.5,0.5,0.0,0.5,0.5,0.0,0.5,0.5,0.0,0.5,0.5,0.0,44,1.0,0.5047
2,75200,VEV_6500,buy,1,Mark 22,0.0,4,0.0,0,11,1,15,0.5,1,15,-0.5,0.5,0.0,-1.0,at_bid,0.5,0.5,0.0,0.5,0.5,0.0,0.5,0.5,0.0,0.5,0.5,0.0,26,1.0,0.2504
2,76700,VELVETFRUIT_EXTRACT,sell,-1,Mark 55,5258.0,4,21032.0,5252,52,5258,52,5255.0,6,52,3.0,3.0,6.0,0.0,at_ask,5254.0,4.0,1.0,5254.0,4.0,1.0,5253.5,4.5,1.5,5252.5,5.5,2.5,104,1.0,0.8445
2,79300,VEV_5400,buy,1,Mark 22,14.0,5,70.0,14,20,16,25,15.0,2,25,-1.0,1.0,0.0,-2.0,at_bid,15.0,1.0,0.0,15.0,1.0,0.0,14.5,0.5,-0.5,15.0,1.0,0.0,45,1.0,0.5471
2,79300,VEV_5500,buy,1,Mark 22,5.0,5,25.0,5,20,7,25,6.0,2,25,-1.0,1.0,0.0,-2.0,at_bid,6.0,1.0,0.0,6.0,1.0,0.0,5.5,0.5,-0.5,5.5,0.5,-0.5,45,1.0,0.5199
2,79300,VEV_6000,buy,1,Mark 22,0.0,5,0.0,0,20,1,25,0.5,1,25,-0.5,0.5,0.0,-1.0,at_bid,0.5,0.5,0.0,0.5,0.5,0.0,0.5,0.5,0.0,0.5,0.5,0.0,45,1.0,0.5051
