timestamp,buyer,seller,symbol,currency,price,quantity,day,side,counterparty,bid_price_1,ask_price_1,mid_price,spread,bid_depth_3,ask_depth_3,total_depth_3,px_minus_mid,mark_price_adv_vs_mid,px_vs_bid,px_vs_ask,at_or_through_best,inside_spread,future_mid_t10,markout_trade_t10,markout_mid_t10,future_mid_t50,markout_trade_t50,markout_mid_t50,future_mid_t200,markout_trade_t200,markout_mid_t200,future_mid_t500,markout_trade_t500,markout_mid_t500
5100,Mark 38,Mark 22,HYDROGEL_PACK,XIRECS,9960.0,4,1,buy,Mark 22,9952,9960,9956.0,8,37.0,41.0,78.0,4.0,-4.0,8.0,0.0,True,False,9956.0,-4.0,0.0,9956.0,-4.0,0.0,9958.0,-2.0,2.0,9952.0,-8.0,-4.0
5300,Mark 38,Mark 14,VEV_4000,XIRECS,1264.0,2,1,buy,Mark 14,1243,1264,1253.5,21,42.0,42.0,84.0,10.5,-10.5,21.0,0.0,True,False,1255.5,-8.5,2.0,1255.5,-8.5,2.0,1254.5,-9.5,1.0,1253.5,-10.5,0.0
6200,Mark 38,Mark 14,HYDROGEL_PACK,XIRECS,9955.0,5,1,buy,Mark 14,9939,9955,9947.0,16,41.0,41.0,82.0,8.0,-8.0,16.0,0.0,True,False,9946.0,-9.0,-1.0,9946.0,-9.0,-1.0,9947.0,-8.0,0.0,9945.0,-10.0,-2.0
15000,Mark 38,Mark 14,HYDROGEL_PACK,XIRECS,9966.0,4,1,buy,Mark 14,9951,9966,9958.5,15,38.0,38.0,76.0,7.5,-7.5,15.0,0.0,True,False,9957.0,-9.0,-1.5,9957.0,-9.0,-1.5,9956.0,-10.0,-2.5,9957.0,-9.0,-1.5
16700,Mark 14,Mark 38,VEV_4000,XIRECS,1221.0,2,1,sell,Mark 14,1221,1231,1226.0,10,28.0,30.0,58.0,-5.0,-5.0,0.0,-10.0,True,False,1230.5,-9.5,-4.5,1230.5,-9.5,-4.5,1229.5,-8.5,-3.5,1232.5,-11.5,-6.5
17300,Mark 14,Mark 38,VEV_4000,XIRECS,1221.0,1,1,sell,Mark 14,1221,1242,1231.5,21,33.0,33.0,66.0,-10.5,-10.5,0.0,-21.0,True,False,1231.0,-10.0,0.5,1231.0,-10.0,0.5,1232.5,-11.5,-1.0,1233.5,-12.5,-2.0
17900,Mark 38,Mark 14,VEV_4000,XIRECS,1243.0,1,1,buy,Mark 14,1223,1243,1233.0,20,37.0,37.0,74.0,10.0,-10.0,20.0,0.0,True,False,1232.5,-10.5,-0.5,1232.5,-10.5,-0.5,1232.0,-11.0,-1.0,1229.5,-13.5,-3.5
22800,Mark 14,Mark 38,HYDROGEL_PACK,XIRECS,9946.0,6,1,sell,Mark 14,9946,9962,9954.0,16,38.0,38.0,76.0,-8.0,-8.0,0.0,-16.0,True,False,9954.0,-8.0,0.0,9954.0,-8.0,0.0,9953.0,-7.0,1.0,9951.0,-5.0,3.0
25700,Mark 38,Mark 14,VEV_4000,XIRECS,1241.0,3,1,buy,Mark 14,1221,1241,1231.0,20,25.0,25.0,50.0,10.0,-10.0,20.0,0.0,True,False,1232.0,-9.0,1.0,1232.0,-9.0,1.0,1230.5,-10.5,-0.5,1230.5,-10.5,-0.5
30800,Mark 14,Mark 38,HYDROGEL_PACK,XIRECS,9940.0,2,1,sell,Mark 14,9940,9956,9948.0,16,39.0,39.0,78.0,-8.0,-8.0,0.0,-16.0,True,False,9946.0,-6.0,2.0,9946.0,-6.0,2.0,9946.0,-6.0,2.0,9947.0,-7.0,1.0
31400,Mark 38,Mark 14,HYDROGEL_PACK,XIRECS,9953.0,3,1,buy,Mark 14,9937,9953,9945.0,16,33.0,33.0,66.0,8.0,-8.0,16.0,0.0,True,False,9945.0,-8.0,0.0,9945.0,-8.0,0.0,9945.0,-8.0,0.0,9945.5,-7.5,0.5
32000,Mark 14,Mark 38,HYDROGEL_PACK,XIRECS,9938.0,5,1,sell,Mark 14,9938,9954,9946.0,16,35.0,35.0,70.0,-8.0,-8.0,0.0,-16.0,True,False,9947.0,-9.0,-1.0,9947.0,-9.0,-1.0,9947.0,-9.0,-1.0,9952.0,-14.0,-6.0
33600,Mark 14,Mark 38,HYDROGEL_PACK,XIRECS,9948.0,6,1,sell,Mark 14,9948,9964,9956.0,16,40.0,40.0,80.0,-8.0,-8.0,0.0,-16.0,True,False,9955.0,-7.0,1.0,9955.0,-7.0,1.0,9953.0,-5.0,3.0,9950.0,-2.0,6.0
36200,Mark 38,Mark 14,VEV_4000,XIRECS,1244.0,3,1,buy,Mark 14,1223,1244,1233.5,21,39.0,39.0,78.0,10.5,-10.5,21.0,0.0,True,False,1232.5,-11.5,-1.0,1232.5,-11.5,-1.0,1233.5,-10.5,0.0,1233.0,-11.0,-0.5
37400,Mark 14,Mark 38,HYDROGEL_PACK,XIRECS,9936.0,4,1,sell,Mark 14,9936,9952,9944.0,16,35.0,35.0,70.0,-8.0,-8.0,0.0,-16.0,True,False,9946.0,-10.0,-2.0,9946.0,-10.0,-2.0,9948.0,-12.0,-4.0,9951.0,-15.0,-7.0
40900,Mark 38,Mark 14,HYDROGEL_PACK,XIRECS,9951.0,5,1,buy,Mark 14,9935,9951,9943.0,16,37.0,37.0,74.0,8.0,-8.0,16.0,0.0,True,False,9944.0,-7.0,1.0,9944.0,-7.0,1.0,9944.0,-7.0,1.0,9944.0,-7.0,1.0
41300,Mark 38,Mark 14,HYDROGEL_PACK,XIRECS,9953.0,5,1,buy,Mark 14,9937,9953,9945.0,16,41.0,41.0,82.0,8.0,-8.0,16.0,0.0,True,False,9944.0,-9.0,-1.0,9944.0,-9.0,-1.0,9945.0,-8.0,0.0,9946.0,-7.0,1.0
43900,Mark 14,Mark 38,HYDROGEL_PACK,XIRECS,9952.0,6,1,sell,Mark 14,9952,9968,9960.0,16,36.0,36.0,72.0,-8.0,-8.0,0.0,-16.0,True,False,9964.0,-12.0,-4.0,9964.0,-12.0,-4.0,9968.0,-16.0,-8.0,9967.0,-15.0,-7.0
45200,Mark 14,Mark 38,HYDROGEL_PACK,XIRECS,9961.0,2,1,sell,Mark 14,9961,9977,9969.0,16,34.0,34.0,68.0,-8.0,-8.0,0.0,-16.0,True,False,9964.0,-3.0,5.0,9964.0,-3.0,5.0,9971.0,-10.0,-2.0,9972.0,-11.0,-3.0
48300,Mark 14,Mark 38,HYDROGEL_PACK,XIRECS,9960.0,3,1,sell,Mark 14,9960,9975,9967.5,15,35.0,35.0,70.0,-7.5,-7.5,0.0,-15.0,True,False,9966.0,-6.0,1.5,9966.0,-6.0,1.5,9966.0,-6.0,1.5,9966.0,-6.0,1.5
50200,Mark 14,Mark 38,VEV_4000,XIRECS,1236.0,2,1,sell,Mark 14,1236,1257,1246.5,21,42.0,42.0,84.0,-10.5,-10.5,0.0,-21.0,True,False,1246.5,-10.5,0.0,1246.5,-10.5,0.0,1246.5,-10.5,0.0,1239.0,-3.0,7.5
50300,Mark 38,Mark 14,VEV_4000,XIRECS,1257.0,3,1,buy,Mark 14,1236,1257,1246.5,21,41.0,41.0,82.0,10.5,-10.5,21.0,0.0,True,False,1246.5,-10.5,0.0,1246.5,-10.5,0.0,1245.5,-11.5,-1.0,1243.5,-13.5,-3.0
52400,Mark 14,Mark 38,HYDROGEL_PACK,XIRECS,9961.0,5,1,sell,Mark 14,9961,9977,9969.0,16,34.0,34.0,68.0,-8.0,-8.0,0.0,-16.0,True,False,9971.0,-10.0,-2.0,9971.0,-10.0,-2.0,9970.0,-9.0,-1.0,9969.0,-8.0,0.0
53000,Mark 14,Mark 38,HYDROGEL_PACK,XIRECS,9961.0,4,1,sell,Mark 14,9961,9977,9969.0,16,42.0,42.0,84.0,-8.0,-8.0,0.0,-16.0,True,False,9968.5,-7.5,0.5,9968.5,-7.5,0.5,9967.0,-6.0,2.0,9968.0,-7.0,1.0
53800,Mark 38,Mark 14,VEV_4000,XIRECS,1255.0,2,1,buy,Mark 14,1234,1255,1244.5,21,35.0,35.0,70.0,10.5,-10.5,21.0,0.0,True,False,1244.5,-10.5,0.0,1244.5,-10.5,0.0,1244.5,-10.5,0.0,1243.5,-11.5,-1.0
54400,Mark 14,Mark 38,VEV_4000,XIRECS,1234.0,3,1,sell,Mark 14,1234,1255,1244.5,21,37.0,37.0,74.0,-10.5,-10.5,0.0,-21.0,True,False,1243.5,-9.5,1.0,1243.5,-9.5,1.0,1243.5,-9.5,1.0,1243.5,-9.5,1.0
57600,Mark 38,Mark 14,VEV_4000,XIRECS,1257.0,3,1,buy,Mark 14,1236,1257,1246.5,21,43.0,43.0,86.0,10.5,-10.5,21.0,0.0,True,False,1247.5,-9.5,1.0,1247.5,-9.5,1.0,1247.5,-9.5,1.0,1248.5,-8.5,2.0
59300,Mark 14,Mark 38,HYDROGEL_PACK,XIRECS,9949.0,4,1,sell,Mark 14,9949,9965,9957.0,16,37.0,37.0,74.0,-8.0,-8.0,0.0,-16.0,True,False,9957.0,-8.0,0.0,9957.0,-8.0,0.0,9955.0,-6.0,2.0,9955.0,-6.0,2.0
61100,Mark 38,Mark 14,HYDROGEL_PACK,XIRECS,9961.0,2,1,buy,Mark 14,9945,9961,9953.0,16,44.0,44.0,88.0,8.0,-8.0,16.0,0.0,True,False,9952.0,-9.0,-1.0,9952.0,-9.0,-1.0,9952.0,-9.0,-1.0,9953.0,-8.0,0.0
61400,Mark 38,Mark 14,HYDROGEL_PACK,XIRECS,9962.0,2,1,buy,Mark 14,9946,9962,9954.0,16,41.0,41.0,82.0,8.0,-8.0,16.0,0.0,True,False,9954.0,-8.0,0.0,9954.0,-8.0,0.0,9953.0,-9.0,-1.0,9948.0,-14.0,-6.0
62600,Mark 38,Mark 14,VEV_4000,XIRECS,1254.0,1,1,buy,Mark 14,1233,1254,1243.5,21,34.0,34.0,68.0,10.5,-10.5,21.0,0.0,True,False,1243.0,-11.0,-0.5,1243.0,-11.0,-0.5,1244.0,-10.0,0.5,1242.0,-12.0,-1.5
63100,Mark 38,Mark 14,VEV_4000,XIRECS,1252.0,3,1,buy,Mark 14,1232,1252,1242.0,20,35.0,35.0,70.0,10.0,-10.0,20.0,0.0,True,False,1242.5,-9.5,0.5,1242.5,-9.5,0.5,1242.5,-9.5,0.5,1245.5,-6.5,3.5
63200,Mark 38,Mark 14,HYDROGEL_PACK,XIRECS,9950.0,5,1,buy,Mark 14,9934,9950,9942.0,16,39.0,39.0,78.0,8.0,-8.0,16.0,0.0,True,False,9940.0,-10.0,-2.0,9940.0,-10.0,-2.0,9937.0,-13.0,-5.0,9937.0,-13.0,-5.0
64300,Mark 14,Mark 38,HYDROGEL_PACK,XIRECS,9933.0,4,1,sell,Mark 14,9933,9949,9941.0,16,32.0,32.0,64.0,-8.0,-8.0,0.0,-16.0,True,False,9940.5,-7.5,0.5,9940.5,-7.5,0.5,9939.0,-6.0,2.0,9937.0,-4.0,4.0
65400,Mark 14,Mark 38,HYDROGEL_PACK,XIRECS,9930.0,4,1,sell,Mark 14,9930,9946,9938.0,16,33.0,33.0,66.0,-8.0,-8.0,0.0,-16.0,True,False,9939.0,-9.0,-1.0,9939.0,-9.0,-1.0,9934.5,-4.5,3.5,9942.5,-12.5,-4.5
65900,Mark 14,Mark 38,HYDROGEL_PACK,XIRECS,9935.0,2,1,sell,Mark 14,9935,9950,9942.5,15,39.0,39.0,78.0,-7.5,-7.5,0.0,-15.0,True,False,9942.0,-7.0,0.5,9942.0,-7.0,0.5,9944.0,-9.0,-1.5,9948.5,-13.5,-6.0
68000,Mark 38,Mark 14,VEV_4000,XIRECS,1258.0,2,1,buy,Mark 14,1237,1258,1247.5,21,32.0,32.0,64.0,10.5,-10.5,21.0,0.0,True,False,1246.5,-11.5,-1.0,1246.5,-11.5,-1.0,1246.5,-11.5,-1.0,1246.5,-11.5,-1.0
69500,Mark 14,Mark 38,HYDROGEL_PACK,XIRECS,9952.0,2,1,sell,Mark 14,9952,9967,9959.5,15,43.0,43.0,86.0,-7.5,-7.5,0.0,-15.0,True,False,9962.0,-10.0,-2.5,9962.0,-10.0,-2.5,9960.0,-8.0,-0.5,9957.0,-5.0,2.5
70500,Mark 14,Mark 38,VEV_4000,XIRECS,1232.0,1,1,sell,Mark 14,1232,1252,1242.0,20,44.0,44.0,88.0,-10.0,-10.0,0.0,-20.0,True,False,1242.5,-10.5,-0.5,1242.5,-10.5,-0.5,1242.0,-10.0,0.0,1241.5,-9.5,0.5
73500,Mark 14,Mark 38,HYDROGEL_PACK,XIRECS,9966.0,3,1,sell,Mark 14,9966,9982,9974.0,16,36.0,36.0,72.0,-8.0,-8.0,0.0,-16.0,True,False,9978.0,-12.0,-4.0,9978.0,-12.0,-4.0,9978.0,-12.0,-4.0,9980.0,-14.0,-6.0
76600,Mark 38,Mark 14,HYDROGEL_PACK,XIRECS,9995.0,3,1,buy,Mark 14,9979,9995,9987.0,16,44.0,44.0,88.0,8.0,-8.0,16.0,0.0,True,False,9990.0,-5.0,3.0,9990.0,-5.0,3.0,9992.0,-3.0,5.0,9991.0,-4.0,4.0
78300,Mark 14,Mark 38,VEV_4000,XIRECS,1229.0,3,1,sell,Mark 14,1229,1250,1239.5,21,32.0,32.0,64.0,-10.5,-10.5,0.0,-21.0,True,False,1238.5,-9.5,1.0,1238.5,-9.5,1.0,1241.0,-12.0,-1.5,1239.5,-10.5,0.0
78500,Mark 38,Mark 14,HYDROGEL_PACK,XIRECS,10000.0,4,1,buy,Mark 14,9984,10000,9992.0,16,38.0,38.0,76.0,8.0,-8.0,16.0,0.0,True,False,9990.0,-10.0,-2.0,9990.0,-10.0,-2.0,9990.0,-10.0,-2.0,9989.5,-10.5,-2.5
79000,Mark 14,Mark 38,HYDROGEL_PACK,XIRECS,9982.0,3,1,sell,Mark 14,9982,9997,9989.5,15,34.0,34.0,68.0,-7.5,-7.5,0.0,-15.0,True,False,9991.0,-9.0,-1.5,9991.0,-9.0,-1.5,9989.0,-7.0,0.5,9983.0,-1.0,6.5
79800,Mark 38,Mark 14,HYDROGEL_PACK,XIRECS,9994.0,6,1,buy,Mark 14,9978,9994,9986.0,16,37.0,37.0,74.0,8.0,-8.0,16.0,0.0,True,False,9986.0,-8.0,0.0,9986.0,-8.0,0.0,9984.0,-10.0,-2.0,9980.0,-14.0,-6.0
81300,Mark 14,Mark 38,HYDROGEL_PACK,XIRECS,9970.0,6,1,sell,Mark 14,9970,9986,9978.0,16,40.0,40.0,80.0,-8.0,-8.0,0.0,-16.0,True,False,9973.0,-3.0,5.0,9973.0,-3.0,5.0,9974.0,-4.0,4.0,9970.0,0.0,8.0
81700,Mark 38,Mark 14,HYDROGEL_PACK,XIRECS,9980.0,3,1,buy,Mark 14,9964,9980,9972.0,16,34.0,34.0,68.0,8.0,-8.0,16.0,0.0,True,False,9970.0,-10.0,-2.0,9970.0,-10.0,-2.0,9970.0,-10.0,-2.0,9969.0,-11.0,-3.0
81900,Mark 38,Mark 14,HYDROGEL_PACK,XIRECS,9978.0,2,1,buy,Mark 14,9962,9978,9970.0,16,40.0,40.0,80.0,8.0,-8.0,16.0,0.0,True,False,9970.0,-8.0,0.0,9970.0,-8.0,0.0,9973.0,-5.0,3.0,9971.0,-7.0,1.0
82300,Mark 38,Mark 14,HYDROGEL_PACK,XIRECS,9977.0,3,1,buy,Mark 14,9961,9977,9969.0,16,41.0,41.0,82.0,8.0,-8.0,16.0,0.0,True,False,9971.0,-6.0,2.0,9971.0,-6.0,2.0,9973.0,-4.0,4.0,9971.0,-6.0,2.0
84300,Mark 38,Mark 14,VEV_4000,XIRECS,1243.0,1,1,buy,Mark 14,1222,1243,1232.5,21,34.0,34.0,68.0,10.5,-10.5,21.0,0.0,True,False,1232.5,-10.5,0.0,1232.5,-10.5,0.0,1233.5,-9.5,1.0,1234.5,-8.5,2.0
89300,Mark 14,Mark 38,VEV_4000,XIRECS,1232.0,3,1,sell,Mark 14,1232,1253,1242.5,21,44.0,44.0,88.0,-10.5,-10.5,0.0,-21.0,True,False,1242.5,-10.5,0.0,1242.5,-10.5,0.0,1243.5,-11.5,-1.0,1238.0,-6.0,4.5
92100,Mark 14,Mark 38,HYDROGEL_PACK,XIRECS,9955.0,4,1,sell,Mark 14,9955,9971,9963.0,16,42.0,42.0,84.0,-8.0,-8.0,0.0,-16.0,True,False,9965.0,-10.0,-2.0,9965.0,-10.0,-2.0,9964.0,-9.0,-1.0,9966.0,-11.0,-3.0
92500,Mark 14,Mark 38,HYDROGEL_PACK,XIRECS,9956.0,2,1,sell,Mark 14,9956,9972,9964.0,16,39.0,39.0,78.0,-8.0,-8.0,0.0,-16.0,True,False,9966.0,-10.0,-2.0,9966.0,-10.0,-2.0,9965.0,-9.0,-1.0,9963.0,-7.0,1.0
94400,Mark 38,Mark 14,HYDROGEL_PACK,XIRECS,9974.0,4,1,buy,Mark 14,9958,9974,9966.0,16,37.0,37.0,74.0,8.0,-8.0,16.0,0.0,True,False,9964.0,-10.0,-2.0,9964.0,-10.0,-2.0,9965.0,-9.0,-1.0,9966.0,-8.0,0.0
97100,Mark 14,Mark 38,HYDROGEL_PACK,XIRECS,9950.0,2,1,sell,Mark 14,9950,9966,9958.0,16,40.0,40.0,80.0,-8.0,-8.0,0.0,-16.0,True,False,9958.0,-8.0,0.0,9958.0,-8.0,0.0,9956.0,-6.0,2.0,9959.0,-9.0,-1.0
98600,Mark 38,Mark 14,HYDROGEL_PACK,XIRECS,9962.0,2,1,buy,Mark 14,9946,9962,9954.0,16,36.0,36.0,72.0,8.0,-8.0,16.0,0.0,True,False,9954.0,-8.0,0.0,9954.0,-8.0,0.0,9951.0,-11.0,-3.0,9952.0,-10.0,-2.0
99000,Mark 38,Mark 14,HYDROGEL_PACK,XIRECS,9961.0,3,1,buy,Mark 14,9945,9961,9953.0,16,42.0,42.0,84.0,8.0,-8.0,16.0,0.0,True,False,9952.0,-9.0,-1.0,9952.0,-9.0,-1.0,9954.0,-7.0,1.0,9951.5,-9.5,-1.5
101400,Mark 14,Mark 38,HYDROGEL_PACK,XIRECS,9936.0,5,1,sell,Mark 14,9936,9952,9944.0,16,34.0,34.0,68.0,-8.0,-8.0,0.0,-16.0,True,False,9943.0,-7.0,1.0,9943.0,-7.0,1.0,9943.0,-7.0,1.0,9951.0,-15.0,-7.0
101500,Mark 14,Mark 38,HYDROGEL_PACK,XIRECS,9935.0,6,1,sell,Mark 14,9935,9951,9943.0,16,35.0,35.0,70.0,-8.0,-8.0,0.0,-16.0,True,False,9943.0,-8.0,0.0,9943.0,-8.0,0.0,9941.0,-6.0,2.0,9951.0,-16.0,-8.0
102500,Mark 14,Mark 38,VEV_4000,XIRECS,1235.0,1,1,sell,Mark 14,1235,1256,1245.5,21,36.0,36.0,72.0,-10.5,-10.5,0.0,-21.0,True,False,1246.5,-11.5,-1.0,1246.5,-11.5,-1.0,1247.5,-12.5,-2.0,1247.5,-12.5,-2.0
102800,Mark 14,Mark 38,VEV_4000,XIRECS,1236.0,1,1,sell,Mark 14,1236,1257,1246.5,21,35.0,35.0,70.0,-10.5,-10.5,0.0,-21.0,True,False,1247.5,-11.5,-1.0,1247.5,-11.5,-1.0,1247.5,-11.5,-1.0,1246.5,-10.5,0.0
103100,Mark 38,Mark 14,HYDROGEL_PACK,XIRECS,9952.0,4,1,buy,Mark 14,9936,9952,9944.0,16,36.0,36.0,72.0,8.0,-8.0,16.0,0.0,True,False,9945.0,-7.0,1.0,9945.0,-7.0,1.0,9948.0,-4.0,4.0,9951.0,-1.0,7.0
103500,Mark 14,Mark 38,HYDROGEL_PACK,XIRECS,9940.0,3,1,sell,Mark 14,9940,9956,9948.0,16,37.0,37.0,74.0,-8.0,-8.0,0.0,-16.0,True,False,9951.0,-11.0,-3.0,9951.0,-11.0,-3.0,9953.0,-13.0,-5.0,9953.0,-13.0,-5.0
107100,Mark 14,Mark 38,HYDROGEL_PACK,XIRECS,9952.0,5,1,sell,Mark 14,9952,9968,9960.0,16,41.0,41.0,82.0,-8.0,-8.0,0.0,-16.0,True,False,9963.0,-11.0,-3.0,9963.0,-11.0,-3.0,9960.0,-8.0,0.0,9960.0,-8.0,0.0
109100,Mark 14,Mark 38,HYDROGEL_PACK,XIRECS,9957.0,2,1,sell,Mark 14,9957,9973,9965.0,16,36.0,36.0,72.0,-8.0,-8.0,0.0,-16.0,True,False,9965.0,-8.0,0.0,9965.0,-8.0,0.0,9968.0,-11.0,-3.0,9966.0,-9.0,-1.0
112700,Mark 14,Mark 38,HYDROGEL_PACK,XIRECS,9948.0,2,1,sell,Mark 14,9948,9964,9956.0,16,40.0,40.0,80.0,-8.0,-8.0,0.0,-16.0,True,False,9952.0,-4.0,4.0,9952.0,-4.0,4.0,9954.5,-6.5,1.5,9950.0,-2.0,6.0
113900,Mark 38,Mark 14,HYDROGEL_PACK,XIRECS,9956.0,2,1,buy,Mark 14,9940,9956,9948.0,16,35.0,35.0,70.0,8.0,-8.0,16.0,0.0,True,False,9947.0,-9.0,-1.0,9947.0,-9.0,-1.0,9944.0,-12.0,-4.0,9948.0,-8.0,0.0
115500,Mark 14,Mark 38,HYDROGEL_PACK,XIRECS,9937.0,3,1,sell,Mark 14,9937,9953,9945.0,16,40.0,40.0,80.0,-8.0,-8.0,0.0,-16.0,True,False,9945.0,-8.0,0.0,9945.0,-8.0,0.0,9946.0,-9.0,-1.0,9949.0,-12.0,-4.0
119400,Mark 38,Mark 14,HYDROGEL_PACK,XIRECS,9962.0,3,1,buy,Mark 14,9946,9962,9954.0,16,34.0,34.0,68.0,8.0,-8.0,16.0,0.0,True,False,9956.0,-6.0,2.0,9956.0,-6.0,2.0,9956.0,-6.0,2.0,9957.0,-5.0,3.0
120700,Mark 38,Mark 14,HYDROGEL_PACK,XIRECS,9958.0,2,1,buy,Mark 14,9942,9958,9950.0,16,33.0,33.0,66.0,8.0,-8.0,16.0,0.0,True,False,9949.0,-9.0,-1.0,9949.0,-9.0,-1.0,9949.0,-9.0,-1.0,9954.0,-4.0,4.0
126000,Mark 38,Mark 14,HYDROGEL_PACK,XIRECS,9953.0,4,1,buy,Mark 14,9937,9953,9945.0,16,37.0,37.0,74.0,8.0,-8.0,16.0,0.0,True,False,9946.0,-7.0,1.0,9946.0,-7.0,1.0,9944.0,-9.0,-1.0,9946.0,-7.0,1.0
129100,Mark 38,Mark 14,VEV_4000,XIRECS,1275.0,3,1,buy,Mark 14,1253,1275,1264.0,22,39.0,39.0,78.0,11.0,-11.0,22.0,0.0,True,False,1264.5,-10.5,0.5,1264.5,-10.5,0.5,1263.5,-11.5,-0.5,1264.0,-11.0,0.0
129500,Mark 38,Mark 14,HYDROGEL_PACK,XIRECS,9967.0,6,1,buy,Mark 14,9951,9967,9959.0,16,35.0,35.0,70.0,8.0,-8.0,16.0,0.0,True,False,9957.0,-10.0,-2.0,9957.0,-10.0,-2.0,9959.0,-8.0,0.0,9957.0,-10.0,-2.0
129800,Mark 14,Mark 38,HYDROGEL_PACK,XIRECS,9951.0,4,1,sell,Mark 14,9951,9967,9959.0,16,40.0,40.0,80.0,-8.0,-8.0,0.0,-16.0,True,False,9958.0,-7.0,1.0,9958.0,-7.0,1.0,9957.0,-6.0,2.0,9958.5,-7.5,0.5
130800,Mark 14,Mark 38,HYDROGEL_PACK,XIRECS,9946.0,5,1,sell,Mark 14,9946,9962,9954.0,16,38.0,38.0,76.0,-8.0,-8.0,0.0,-16.0,True,False,9952.0,-6.0,2.0,9952.0,-6.0,2.0,9950.0,-4.0,4.0,9949.0,-3.0,5.0
133100,Mark 14,Mark 38,VEV_4000,XIRECS,1253.0,3,1,sell,Mark 14,1253,1274,1263.5,21,33.0,33.0,66.0,-10.5,-10.5,0.0,-21.0,True,False,1263.5,-10.5,0.0,1263.5,-10.5,0.0,1263.0,-10.0,0.5,1266.0,-13.0,-2.5
133700,Mark 14,Mark 38,HYDROGEL_PACK,XIRECS,9948.0,4,1,sell,Mark 14,9948,9964,9956.0,16,39.0,39.0,78.0,-8.0,-8.0,0.0,-16.0,True,False,9955.0,-7.0,1.0,9955.0,-7.0,1.0,9958.5,-10.5,-2.5,9955.0,-7.0,1.0
134500,Mark 14,Mark 38,HYDROGEL_PACK,XIRECS,9944.0,6,1,sell,Mark 14,9944,9960,9952.0,16,37.0,37.0,74.0,-8.0,-8.0,0.0,-16.0,True,False,9956.0,-12.0,-4.0,9956.0,-12.0,-4.0,9957.0,-13.0,-5.0,9956.0,-12.0,-4.0
137000,Mark 14,Mark 38,VEV_4000,XIRECS,1252.0,3,1,sell,Mark 14,1252,1273,1262.5,21,29.0,29.0,58.0,-10.5,-10.5,0.0,-21.0,True,False,1261.5,-9.5,1.0,1261.5,-9.5,1.0,1261.5,-9.5,1.0,1259.5,-7.5,3.0
137300,Mark 14,Mark 38,VEV_4000,XIRECS,1251.0,3,1,sell,Mark 14,1251,1272,1261.5,21,36.0,36.0,72.0,-10.5,-10.5,0.0,-21.0,True,False,1261.5,-10.5,0.0,1261.5,-10.5,0.0,1259.5,-8.5,2.0,1258.5,-7.5,3.0
137600,Mark 38,Mark 14,VEV_4000,XIRECS,1269.0,3,1,buy,Mark 14,1248,1269,1258.5,21,35.0,35.0,70.0,10.5,-10.5,21.0,0.0,True,False,1260.0,-9.0,1.5,1260.0,-9.0,1.5,1258.5,-10.5,0.0,1256.5,-12.5,-2.0
137800,Mark 14,Mark 38,HYDROGEL_PACK,XIRECS,9942.0,3,1,sell,Mark 14,9942,9958,9950.0,16,41.0,41.0,82.0,-8.0,-8.0,0.0,-16.0,True,False,9953.0,-11.0,-3.0,9953.0,-11.0,-3.0,9953.5,-11.5,-3.5,9952.5,-10.5,-2.5
138100,Mark 38,Mark 14,HYDROGEL_PACK,XIRECS,9959.0,2,1,buy,Mark 14,9943,9959,9951.0,16,45.0,45.0,90.0,8.0,-8.0,16.0,0.0,True,False,9952.0,-7.0,1.0,9952.0,-7.0,1.0,9952.5,-6.5,1.5,9963.0,4.0,12.0
145600,Mark 38,Mark 14,HYDROGEL_PACK,XIRECS,9962.0,5,1,buy,Mark 14,9946,9962,9954.0,16,45.0,45.0,90.0,8.0,-8.0,16.0,0.0,True,False,9958.0,-4.0,4.0,9958.0,-4.0,4.0,9958.0,-4.0,4.0,9957.0,-5.0,3.0
146500,Mark 38,Mark 14,HYDROGEL_PACK,XIRECS,9963.0,6,1,buy,Mark 14,9947,9963,9955.0,16,34.0,34.0,68.0,8.0,-8.0,16.0,0.0,True,False,9956.0,-7.0,1.0,9956.0,-7.0,1.0,9959.0,-4.0,4.0,9959.0,-4.0,4.0
147900,Mark 14,Mark 38,VEV_4000,XIRECS,1256.0,1,1,sell,Mark 14,1256,1278,1267.0,22,34.0,34.0,68.0,-11.0,-11.0,0.0,-22.0,True,False,1267.5,-11.5,-0.5,1267.5,-11.5,-0.5,1266.5,-10.5,0.5,1264.5,-8.5,2.5
148000,Mark 38,Mark 14,HYDROGEL_PACK,XIRECS,9972.0,3,1,buy,Mark 14,9956,9972,9964.0,16,43.0,43.0,86.0,8.0,-8.0,16.0,0.0,True,False,9963.0,-9.0,-1.0,9963.0,-9.0,-1.0,9961.0,-11.0,-3.0,9964.0,-8.0,0.0
151100,Mark 14,Mark 38,HYDROGEL_PACK,XIRECS,9945.0,4,1,sell,Mark 14,9945,9961,9953.0,16,42.0,42.0,84.0,-8.0,-8.0,0.0,-16.0,True,False,9952.0,-7.0,1.0,9952.0,-7.0,1.0,9951.0,-6.0,2.0,9956.0,-11.0,-3.0
151200,Mark 14,Mark 38,HYDROGEL_PACK,XIRECS,9944.0,6,1,sell,Mark 14,9944,9960,9952.0,16,36.0,36.0,72.0,-8.0,-8.0,0.0,-16.0,True,False,9951.0,-7.0,1.0,9951.0,-7.0,1.0,9953.0,-9.0,-1.0,9952.0,-8.0,0.0
152700,Mark 14,Mark 38,HYDROGEL_PACK,XIRECS,9944.0,5,1,sell,Mark 14,9944,9960,9952.0,16,39.0,39.0,78.0,-8.0,-8.0,0.0,-16.0,True,False,9954.0,-10.0,-2.0,9954.0,-10.0,-2.0,9954.0,-10.0,-2.0,9957.0,-13.0,-5.0
154100,Mark 14,Mark 38,VEV_4000,XIRECS,1242.0,3,1,sell,Mark 14,1242,1263,1252.5,21,38.0,38.0,76.0,-10.5,-10.5,0.0,-21.0,True,False,1253.5,-11.5,-1.0,1253.5,-11.5,-1.0,1252.5,-10.5,0.0,1253.5,-11.5,-1.0
155900,Mark 38,Mark 14,HYDROGEL_PACK,XIRECS,9966.0,4,1,buy,Mark 14,9951,9966,9958.5,15,39.0,39.0,78.0,7.5,-7.5,15.0,0.0,True,False,9957.0,-9.0,-1.5,9957.0,-9.0,-1.5,9955.0,-11.0,-3.5,9957.0,-9.0,-1.5
156200,Mark 14,Mark 38,VEV_4000,XIRECS,1237.0,1,1,sell,Mark 14,1237,1258,1247.5,21,31.0,31.0,62.0,-10.5,-10.5,0.0,-21.0,True,False,1247.5,-10.5,0.0,1247.5,-10.5,0.0,1246.5,-9.5,1.0,1247.5,-10.5,0.0
156400,Mark 14,Mark 38,HYDROGEL_PACK,XIRECS,9949.0,6,1,sell,Mark 14,9949,9965,9957.0,16,40.0,40.0,80.0,-8.0,-8.0,0.0,-16.0,True,False,9959.0,-10.0,-2.0,9959.0,-10.0,-2.0,9962.0,-13.0,-5.0,9962.0,-13.0,-5.0
159900,Mark 14,Mark 38,HYDROGEL_PACK,XIRECS,9961.0,3,1,sell,Mark 14,9961,9977,9969.0,16,41.0,41.0,82.0,-8.0,-8.0,0.0,-16.0,True,False,9970.0,-9.0,-1.0,9970.0,-9.0,-1.0,9969.0,-8.0,0.0,9965.0,-4.0,4.0
161200,Mark 14,Mark 38,HYDROGEL_PACK,XIRECS,9956.0,6,1,sell,Mark 14,9956,9971,9963.5,15,40.0,40.0,80.0,-7.5,-7.5,0.0,-15.0,True,False,9967.0,-11.0,-3.5,9967.0,-11.0,-3.5,9968.0,-12.0,-4.5,9967.0,-11.0,-3.5
164300,Mark 38,Mark 14,HYDROGEL_PACK,XIRECS,9973.0,5,1,buy,Mark 14,9957,9973,9965.0,16,39.0,39.0,78.0,8.0,-8.0,16.0,0.0,True,False,9967.0,-6.0,2.0,9967.0,-6.0,2.0,9968.0,-5.0,3.0,9971.0,-2.0,6.0
167300,Mark 14,Mark 38,HYDROGEL_PACK,XIRECS,9957.0,3,1,sell,Mark 14,9957,9973,9965.0,16,39.0,39.0,78.0,-8.0,-8.0,0.0,-16.0,True,False,9964.0,-7.0,1.0,9964.0,-7.0,1.0,9962.0,-5.0,3.0,9960.0,-3.0,5.0
167600,Mark 14,Mark 38,VEV_4000,XIRECS,1242.0,2,1,sell,Mark 14,1242,1263,1252.5,21,34.0,34.0,68.0,-10.5,-10.5,0.0,-21.0,True,False,1252.5,-10.5,0.0,1252.5,-10.5,0.0,1252.5,-10.5,0.0,1253.5,-11.5,-1.0
168500,Mark 38,Mark 14,VEV_4000,XIRECS,1261.0,2,1,buy,Mark 14,1250,1261,1255.5,11,25.0,23.0,48.0,5.5,-5.5,11.0,0.0,True,False,1248.5,-12.5,-7.0,1248.5,-12.5,-7.0,1249.5,-11.5,-6.0,1250.5,-10.5,-5.0
168700,Mark 38,Mark 14,VEV_4000,XIRECS,1260.0,1,1,buy,Mark 14,1239,1260,1249.5,21,35.0,35.0,70.0,10.5,-10.5,21.0,0.0,True,False,1249.5,-10.5,0.0,1249.5,-10.5,0.0,1249.5,-10.5,0.0,1250.5,-9.5,1.0
170900,Mark 38,Mark 14,VEV_4000,XIRECS,1260.0,3,1,buy,Mark 14,1239,1260,1249.5,21,41.0,41.0,82.0,10.5,-10.5,21.0,0.0,True,False,1246.5,-13.5,-3.0,1246.5,-13.5,-3.0,1248.5,-11.5,-1.0,1251.5,-8.5,2.0
171400,Mark 38,Mark 14,HYDROGEL_PACK,XIRECS,9992.0,6,1,buy,Mark 14,9976,9992,9984.0,16,39.0,39.0,78.0,8.0,-8.0,16.0,0.0,True,False,9983.0,-9.0,-1.0,9983.0,-9.0,-1.0,9979.0,-13.0,-5.0,9977.0,-15.0,-7.0
172400,Mark 14,Mark 38,VEV_4000,XIRECS,1238.0,1,1,sell,Mark 14,1238,1259,1248.5,21,38.0,38.0,76.0,-10.5,-10.5,0.0,-21.0,True,False,1244.0,-6.0,4.5,1244.0,-6.0,4.5,1248.5,-10.5,0.0,1247.5,-9.5,1.0
174200,Mark 38,Mark 14,HYDROGEL_PACK,XIRECS,9988.0,5,1,buy,Mark 14,9972,9988,9980.0,16,40.0,40.0,80.0,8.0,-8.0,16.0,0.0,True,False,9977.0,-11.0,-3.0,9977.0,-11.0,-3.0,9983.5,-4.5,3.5,9981.0,-7.0,1.0
174400,Mark 38,Mark 14,HYDROGEL_PACK,XIRECS,9991.0,6,1,buy,Mark 14,9976,9991,9983.5,15,38.0,38.0,76.0,7.5,-7.5,15.0,0.0,True,False,9984.0,-7.0,0.5,9984.0,-7.0,0.5,9984.0,-7.0,0.5,9986.0,-5.0,2.5
178000,Mark 14,Mark 38,HYDROGEL_PACK,XIRECS,9988.0,3,1,sell,Mark 14,9988,10004,9996.0,16,32.0,32.0,64.0,-8.0,-8.0,0.0,-16.0,True,False,9997.0,-9.0,-1.0,9997.0,-9.0,-1.0,9996.0,-8.0,0.0,9994.0,-6.0,2.0
182100,Mark 14,Mark 38,HYDROGEL_PACK,XIRECS,10012.0,3,1,sell,Mark 14,10012,10028,10020.0,16,37.0,37.0,74.0,-8.0,-8.0,0.0,-16.0,True,False,10020.0,-8.0,0.0,10020.0,-8.0,0.0,10018.0,-6.0,2.0,10019.0,-7.0,1.0
182800,Mark 14,Mark 38,HYDROGEL_PACK,XIRECS,10010.0,5,1,sell,Mark 14,10010,10026,10018.0,16,36.0,36.0,72.0,-8.0,-8.0,0.0,-16.0,True,False,10016.0,-6.0,2.0,10016.0,-6.0,2.0,10013.0,-3.0,5.0,10008.5,1.5,9.5
184200,Mark 38,Mark 14,VEV_4000,XIRECS,1251.0,3,1,buy,Mark 14,1230,1251,1240.5,21,29.0,29.0,58.0,10.5,-10.5,21.0,0.0,True,False,1240.5,-10.5,0.0,1240.5,-10.5,0.0,1240.5,-10.5,0.0,1241.5,-9.5,1.0
185800,Mark 38,Mark 14,HYDROGEL_PACK,XIRECS,10040.0,4,1,buy,Mark 14,10024,10040,10032.0,16,37.0,37.0,74.0,8.0,-8.0,16.0,0.0,True,False,10032.0,-8.0,0.0,10032.0,-8.0,0.0,10031.0,-9.0,-1.0,10023.0,-17.0,-9.0
188400,Mark 14,Mark 38,HYDROGEL_PACK,XIRECS,10021.0,4,1,sell,Mark 14,10021,10037,10029.0,16,34.0,34.0,68.0,-8.0,-8.0,0.0,-16.0,True,False,10029.0,-8.0,0.0,10029.0,-8.0,0.0,10030.0,-9.0,-1.0,10026.0,-5.0,3.0
192800,Mark 14,Mark 38,HYDROGEL_PACK,XIRECS,10007.0,5,1,sell,Mark 14,10007,10023,10015.0,16,32.0,32.0,64.0,-8.0,-8.0,0.0,-16.0,True,False,10016.0,-9.0,-1.0,10016.0,-9.0,-1.0,10017.0,-10.0,-2.0,10016.0,-9.0,-1.0
193400,Mark 38,Mark 14,HYDROGEL_PACK,XIRECS,10026.0,4,1,buy,Mark 14,10010,10026,10018.0,16,42.0,42.0,84.0,8.0,-8.0,16.0,0.0,True,False,10016.0,-10.0,-2.0,10016.0,-10.0,-2.0,10017.0,-9.0,-1.0,10015.0,-11.0,-3.0
194200,Mark 38,Mark 14,VEV_4000,XIRECS,1247.0,2,1,buy,Mark 14,1226,1247,1236.5,21,43.0,43.0,86.0,10.5,-10.5,21.0,0.0,True,False,1236.0,-11.0,-0.5,1236.0,-11.0,-0.5,1236.5,-10.5,0.0,1235.0,-12.0,-1.5
196700,Mark 14,Mark 38,VEV_4000,XIRECS,1225.0,1,1,sell,Mark 14,1225,1246,1235.5,21,39.0,39.0,78.0,-10.5,-10.5,0.0,-21.0,True,False,1236.5,-11.5,-1.0,1236.5,-11.5,-1.0,1236.5,-11.5,-1.0,1236.0,-11.0,-0.5
199400,Mark 38,Mark 14,HYDROGEL_PACK,XIRECS,10029.0,3,1,buy,Mark 14,10013,10029,10021.0,16,37.0,37.0,74.0,8.0,-8.0,16.0,0.0,True,False,10021.0,-8.0,0.0,10021.0,-8.0,0.0,10019.0,-10.0,-2.0,10016.0,-13.0,-5.0
202300,Mark 38,Mark 14,VEV_4000,XIRECS,1252.0,3,1,buy,Mark 14,1231,1252,1241.5,21,27.0,27.0,54.0,10.5,-10.5,21.0,0.0,True,False,1242.5,-9.5,1.0,1242.5,-9.5,1.0,1243.5,-8.5,2.0,1242.5,-9.5,1.0
202700,Mark 38,Mark 14,HYDROGEL_PACK,XIRECS,10033.0,5,1,buy,Mark 14,10017,10033,10025.0,16,40.0,40.0,80.0,8.0,-8.0,16.0,0.0,True,False,10025.0,-8.0,0.0,10025.0,-8.0,0.0,10023.0,-10.0,-2.0,10022.0,-11.0,-3.0
203200,Mark 14,Mark 38,HYDROGEL_PACK,XIRECS,10014.0,6,1,sell,Mark 14,10014,10030,10022.0,16,45.0,45.0,90.0,-8.0,-8.0,0.0,-16.0,True,False,10019.0,-5.0,3.0,10019.0,-5.0,3.0,10021.0,-7.0,1.0,10019.0,-5.0,3.0
206600,Mark 38,Mark 14,VEV_4000,XIRECS,1255.0,1,1,buy,Mark 14,1234,1255,1244.5,21,38.0,38.0,76.0,10.5,-10.5,21.0,0.0,True,False,1244.5,-10.5,0.0,1244.5,-10.5,0.0,1243.5,-11.5,-1.0,1246.0,-9.0,1.5
210600,Mark 14,Mark 38,HYDROGEL_PACK,XIRECS,9990.0,5,1,sell,Mark 14,9990,10006,9998.0,16,34.0,34.0,68.0,-8.0,-8.0,0.0,-16.0,True,False,10001.0,-11.0,-3.0,10001.0,-11.0,-3.0,10001.0,-11.0,-3.0,10004.0,-14.0,-6.0
211100,Mark 14,Mark 38,HYDROGEL_PACK,XIRECS,9996.0,6,1,sell,Mark 14,9996,10012,10004.0,16,34.0,34.0,68.0,-8.0,-8.0,0.0,-16.0,True,False,10006.0,-10.0,-2.0,10006.0,-10.0,-2.0,10007.0,-11.0,-3.0,10006.0,-10.0,-2.0
216000,Mark 38,Mark 14,VEV_4000,XIRECS,1263.0,1,1,buy,Mark 14,1242,1263,1252.5,21,36.0,36.0,72.0,10.5,-10.5,21.0,0.0,True,False,1251.5,-11.5,-1.0,1251.5,-11.5,-1.0,1250.5,-12.5,-2.0,1250.5,-12.5,-2.0
217500,Mark 38,Mark 14,HYDROGEL_PACK,XIRECS,10011.0,4,1,buy,Mark 14,9995,10011,10003.0,16,43.0,43.0,86.0,8.0,-8.0,16.0,0.0,True,False,10005.0,-6.0,2.0,10005.0,-6.0,2.0,10007.0,-4.0,4.0,10001.0,-10.0,-2.0
217800,Mark 38,Mark 14,VEV_4000,XIRECS,1263.0,1,1,buy,Mark 14,1242,1263,1252.5,21,31.0,31.0,62.0,10.5,-10.5,21.0,0.0,True,False,1251.5,-11.5,-1.0,1251.5,-11.5,-1.0,1253.5,-9.5,1.0,1252.5,-10.5,0.0
218500,Mark 38,Mark 14,HYDROGEL_PACK,XIRECS,10017.0,5,1,buy,Mark 14,10001,10017,10009.0,16,37.0,37.0,74.0,8.0,-8.0,16.0,0.0,True,False,10008.0,-9.0,-1.0,10008.0,-9.0,-1.0,10008.0,-9.0,-1.0,10005.0,-12.0,-4.0
218900,Mark 38,Mark 14,HYDROGEL_PACK,XIRECS,10014.0,3,1,buy,Mark 14,9998,10014,10006.0,16,37.0,37.0,74.0,8.0,-8.0,16.0,0.0,True,False,10005.0,-9.0,-1.0,10005.0,-9.0,-1.0,10002.0,-12.0,-4.0,10004.0,-10.0,-2.0
221200,Mark 38,Mark 14,HYDROGEL_PACK,XIRECS,10011.0,5,1,buy,Mark 14,9995,10011,10003.0,16,44.0,44.0,88.0,8.0,-8.0,16.0,0.0,True,False,10006.0,-5.0,3.0,10006.0,-5.0,3.0,10008.0,-3.0,5.0,10007.0,-4.0,4.0
222900,Mark 14,Mark 38,VEV_4000,XIRECS,1236.0,3,1,sell,Mark 14,1236,1257,1246.5,21,41.0,41.0,82.0,-10.5,-10.5,0.0,-21.0,True,False,1248.5,-12.5,-2.0,1248.5,-12.5,-2.0,1246.5,-10.5,0.0,1245.5,-9.5,1.0
223300,Mark 38,Mark 14,VEV_4000,XIRECS,1257.0,2,1,buy,Mark 14,1236,1257,1246.5,21,32.0,32.0,64.0,10.5,-10.5,21.0,0.0,True,False,1245.5,-11.5,-1.0,1245.5,-11.5,-1.0,1246.5,-10.5,0.0,1248.5,-8.5,2.0
224100,Mark 38,Mark 14,VEV_4000,XIRECS,1258.0,2,1,buy,Mark 14,1237,1258,1247.5,21,23.0,23.0,46.0,10.5,-10.5,21.0,0.0,True,False,1247.5,-10.5,0.0,1247.5,-10.5,0.0,1248.5,-9.5,1.0,1248.5,-9.5,1.0
226100,Mark 14,Mark 38,HYDROGEL_PACK,XIRECS,9974.0,5,1,sell,Mark 14,9974,9990,9982.0,16,37.0,37.0,74.0,-8.0,-8.0,0.0,-16.0,True,False,9981.0,-7.0,1.0,9981.0,-7.0,1.0,9981.0,-7.0,1.0,9982.0,-8.0,0.0
229100,Mark 38,Mark 14,VEV_4000,XIRECS,1258.0,1,1,buy,Mark 14,1237,1258,1247.5,21,29.0,29.0,58.0,10.5,-10.5,21.0,0.0,True,False,1248.5,-9.5,1.0,1248.5,-9.5,1.0,1248.5,-9.5,1.0,1246.5,-11.5,-1.0
230000,Mark 38,Mark 14,HYDROGEL_PACK,XIRECS,9998.0,4,1,buy,Mark 14,9982,9998,9990.0,16,33.0,33.0,66.0,8.0,-8.0,16.0,0.0,True,False,9987.0,-11.0,-3.0,9987.0,-11.0,-3.0,9990.0,-8.0,0.0,9997.0,-1.0,7.0
230800,Mark 38,Mark 14,HYDROGEL_PACK,XIRECS,10007.0,3,1,buy,Mark 14,9991,10007,9999.0,16,39.0,39.0,78.0,8.0,-8.0,16.0,0.0,True,False,10001.0,-6.0,2.0,10001.0,-6.0,2.0,10002.0,-5.0,3.0,10010.0,3.0,11.0
235900,Mark 14,Mark 38,HYDROGEL_PACK,XIRECS,9998.0,3,1,sell,Mark 14,9998,10014,10006.0,16,34.0,34.0,68.0,-8.0,-8.0,0.0,-16.0,True,False,10008.0,-10.0,-2.0,10008.0,-10.0,-2.0,10009.0,-11.0,-3.0,10013.0,-15.0,-7.0
238200,Mark 38,Mark 14,HYDROGEL_PACK,XIRECS,10025.0,2,1,buy,Mark 14,10009,10025,10017.0,16,40.0,40.0,80.0,8.0,-8.0,16.0,0.0,True,False,10017.0,-8.0,0.0,10017.0,-8.0,0.0,10015.0,-10.0,-2.0,10017.0,-8.0,0.0
239600,Mark 14,Mark 38,HYDROGEL_PACK,XIRECS,10006.0,4,1,sell,Mark 14,10006,10022,10014.0,16,41.0,41.0,82.0,-8.0,-8.0,0.0,-16.0,True,False,10013.0,-7.0,1.0,10013.0,-7.0,1.0,10013.0,-7.0,1.0,10010.0,-4.0,4.0
239700,Mark 38,Mark 14,HYDROGEL_PACK,XIRECS,10021.0,6,1,buy,Mark 14,10005,10021,10013.0,16,40.0,40.0,80.0,8.0,-8.0,16.0,0.0,True,False,10013.0,-8.0,0.0,10013.0,-8.0,0.0,10013.0,-8.0,0.0,10015.0,-6.0,2.0
240600,Mark 14,Mark 38,HYDROGEL_PACK,XIRECS,10013.0,3,1,sell,Mark 14,10013,10029,10021.0,16,41.0,41.0,82.0,-8.0,-8.0,0.0,-16.0,True,False,10023.0,-10.0,-2.0,10023.0,-10.0,-2.0,10023.5,-10.5,-2.5,10016.0,-3.0,5.0
241900,Mark 14,Mark 38,HYDROGEL_PACK,XIRECS,10005.0,2,1,sell,Mark 14,10005,10021,10013.0,16,35.0,35.0,70.0,-8.0,-8.0,0.0,-16.0,True,False,10012.0,-7.0,1.0,10012.0,-7.0,1.0,10011.0,-6.0,2.0,10006.0,-1.0,7.0
248200,Mark 38,Mark 14,HYDROGEL_PACK,XIRECS,10025.0,5,1,buy,Mark 14,10009,10025,10017.0,16,32.0,32.0,64.0,8.0,-8.0,16.0,0.0,True,False,10016.0,-9.0,-1.0,10016.0,-9.0,-1.0,10016.0,-9.0,-1.0,10017.0,-8.0,0.0
250600,Mark 14,Mark 38,VEV_4000,XIRECS,1252.0,2,1,sell,Mark 14,1252,1273,1262.5,21,39.0,39.0,78.0,-10.5,-10.5,0.0,-21.0,True,False,1263.5,-11.5,-1.0,1263.5,-11.5,-1.0,1262.5,-10.5,0.0,1263.5,-11.5,-1.0
251600,Mark 38,Mark 14,VEV_4000,XIRECS,1275.0,3,1,buy,Mark 14,1254,1275,1264.5,21,40.0,40.0,80.0,10.5,-10.5,21.0,0.0,True,False,1265.0,-10.0,0.5,1265.0,-10.0,0.5,1265.5,-9.5,1.0,1263.5,-11.5,-1.0
252500,Mark 14,Mark 38,HYDROGEL_PACK,XIRECS,9988.0,3,1,sell,Mark 14,9988,10004,9996.0,16,39.0,39.0,78.0,-8.0,-8.0,0.0,-16.0,True,False,9998.0,-10.0,-2.0,9998.0,-10.0,-2.0,9996.0,-8.0,0.0,9995.0,-7.0,1.0
254700,Mark 38,Mark 14,HYDROGEL_PACK,XIRECS,9997.0,5,1,buy,Mark 14,9988,9997,9992.5,9,48.0,39.0,87.0,4.5,-4.5,9.0,0.0,True,False,9989.0,-8.0,-3.5,9989.0,-8.0,-3.5,9989.0,-8.0,-3.5,9985.0,-12.0,-7.5
255000,Mark 14,Mark 38,HYDROGEL_PACK,XIRECS,9980.0,4,1,sell,Mark 14,9980,9996,9988.0,16,39.0,39.0,78.0,-8.0,-8.0,0.0,-16.0,True,False,9987.5,-7.5,0.5,9987.5,-7.5,0.5,9985.0,-5.0,3.0,9978.0,2.0,10.0
255300,Mark 14,Mark 38,HYDROGEL_PACK,XIRECS,9973.0,2,1,sell,Mark 14,9973,9989,9981.0,16,33.0,33.0,66.0,-8.0,-8.0,0.0,-16.0,True,False,9981.0,-8.0,0.0,9981.0,-8.0,0.0,9978.0,-5.0,3.0,9975.0,-2.0,6.0
255400,Mark 14,Mark 38,HYDROGEL_PACK,XIRECS,9973.0,3,1,sell,Mark 14,9973,9989,9981.0,16,40.0,40.0,80.0,-8.0,-8.0,0.0,-16.0,True,False,9978.0,-5.0,3.0,9978.0,-5.0,3.0,9977.0,-4.0,4.0,9978.0,-5.0,3.0
262300,Mark 38,Mark 14,HYDROGEL_PACK,XIRECS,10005.0,4,1,buy,Mark 14,9989,10005,9997.0,16,40.0,40.0,80.0,8.0,-8.0,16.0,0.0,True,False,9995.0,-10.0,-2.0,9995.0,-10.0,-2.0,9998.0,-7.0,1.0,10000.0,-5.0,3.0
262800,Mark 38,Mark 14,HYDROGEL_PACK,XIRECS,10008.0,2,1,buy,Mark 14,9992,10008,10000.0,16,40.0,40.0,80.0,8.0,-8.0,16.0,0.0,True,False,10004.0,-4.0,4.0,10004.0,-4.0,4.0,10005.0,-3.0,5.0,10003.0,-5.0,3.0
263100,Mark 38,Mark 14,VEV_4000,XIRECS,1268.0,3,1,buy,Mark 14,1247,1268,1257.5,21,37.0,37.0,74.0,10.5,-10.5,21.0,0.0,True,False,1256.5,-11.5,-1.0,1256.5,-11.5,-1.0,1256.5,-11.5,-1.0,1253.5,-14.5,-4.0
265900,Mark 14,Mark 38,VEV_4000,XIRECS,1240.0,1,1,sell,Mark 14,1240,1261,1250.5,21,34.0,34.0,68.0,-10.5,-10.5,0.0,-21.0,True,False,1251.5,-11.5,-1.0,1251.5,-11.5,-1.0,1252.5,-12.5,-2.0,1250.5,-10.5,0.0
266300,Mark 38,Mark 14,HYDROGEL_PACK,XIRECS,9999.0,4,1,buy,Mark 14,9983,9999,9991.0,16,40.0,40.0,80.0,8.0,-8.0,16.0,0.0,True,False,9994.0,-5.0,3.0,9994.0,-5.0,3.0,9989.0,-10.0,-2.0,9992.0,-7.0,1.0
266600,Mark 38,Mark 14,HYDROGEL_PACK,XIRECS,9997.0,4,1,buy,Mark 14,9981,9997,9989.0,16,36.0,36.0,72.0,8.0,-8.0,16.0,0.0,True,False,9991.0,-6.0,2.0,9991.0,-6.0,2.0,9992.0,-5.0,3.0,9990.0,-7.0,1.0
268300,Mark 38,Mark 14,VEV_4000,XIRECS,1257.0,2,1,buy,Mark 14,1236,1257,1246.5,21,31.0,31.0,62.0,10.5,-10.5,21.0,0.0,True,False,1246.5,-10.5,0.0,1246.5,-10.5,0.0,1246.5,-10.5,0.0,1246.5,-10.5,0.0
269300,Mark 14,Mark 38,HYDROGEL_PACK,XIRECS,9973.0,3,1,sell,Mark 14,9973,9989,9981.0,16,41.0,41.0,82.0,-8.0,-8.0,0.0,-16.0,True,False,9983.0,-10.0,-2.0,9983.0,-10.0,-2.0,9979.0,-6.0,2.0,9982.0,-9.0,-1.0
271600,Mark 14,Mark 38,VEV_4000,XIRECS,1248.0,1,1,sell,Mark 14,1248,1269,1258.5,21,41.0,41.0,82.0,-10.5,-10.5,0.0,-21.0,True,False,1260.5,-12.5,-2.0,1260.5,-12.5,-2.0,1259.0,-11.0,-0.5,1259.5,-11.5,-1.0
274600,Mark 38,Mark 14,HYDROGEL_PACK,XIRECS,9989.0,2,1,buy,Mark 14,9974,9989,9981.5,15,37.0,37.0,74.0,7.5,-7.5,15.0,0.0,True,False,9981.0,-8.0,-0.5,9981.0,-8.0,-0.5,9981.0,-8.0,-0.5,9984.5,-4.5,3.0
275700,Mark 38,Mark 14,HYDROGEL_PACK,XIRECS,9996.0,2,1,buy,Mark 14,9980,9996,9988.0,16,33.0,33.0,66.0,8.0,-8.0,16.0,0.0,True,False,9986.0,-10.0,-2.0,9986.0,-10.0,-2.0,9985.0,-11.0,-3.0,9984.0,-12.0,-4.0
280500,Mark 38,Mark 14,HYDROGEL_PACK,XIRECS,9973.0,2,1,buy,Mark 14,9957,9973,9965.0,16,34.0,34.0,68.0,8.0,-8.0,16.0,0.0,True,False,9962.0,-11.0,-3.0,9962.0,-11.0,-3.0,9964.0,-9.0,-1.0,9960.0,-13.0,-5.0
281100,Mark 14,Mark 38,HYDROGEL_PACK,XIRECS,9952.0,3,1,sell,Mark 14,9952,9968,9960.0,16,41.0,41.0,82.0,-8.0,-8.0,0.0,-16.0,True,False,9958.5,-6.5,1.5,9958.5,-6.5,1.5,9962.0,-10.0,-2.0,9964.0,-12.0,-4.0
281500,Mark 38,Mark 14,VEV_4000,XIRECS,1267.0,1,1,buy,Mark 14,1246,1267,1256.5,21,35.0,35.0,70.0,10.5,-10.5,21.0,0.0,True,False,1257.5,-9.5,1.0,1257.5,-9.5,1.0,1256.5,-10.5,0.0,1257.5,-9.5,1.0
282200,Mark 38,Mark 14,HYDROGEL_PACK,XIRECS,9979.0,2,1,buy,Mark 14,9963,9979,9971.0,16,35.0,35.0,70.0,8.0,-8.0,16.0,0.0,True,False,9973.0,-6.0,2.0,9973.0,-6.0,2.0,9972.0,-7.0,1.0,9969.0,-10.0,-2.0
285400,Mark 14,Mark 38,HYDROGEL_PACK,XIRECS,9965.0,5,1,sell,Mark 14,9965,9981,9973.0,16,40.0,40.0,80.0,-8.0,-8.0,0.0,-16.0,True,False,9972.0,-7.0,1.0,9972.0,-7.0,1.0,9974.0,-9.0,-1.0,9978.0,-13.0,-5.0
286600,Mark 38,Mark 14,VEV_4000,XIRECS,1277.0,2,1,buy,Mark 14,1256,1277,1266.5,21,29.0,29.0,58.0,10.5,-10.5,21.0,0.0,True,False,1267.0,-10.0,0.5,1267.0,-10.0,0.5,1265.5,-11.5,-1.0,1267.5,-9.5,1.0
288800,Mark 38,Mark 14,VEV_4000,XIRECS,1278.0,1,1,buy,Mark 14,1257,1278,1267.5,21,34.0,34.0,68.0,10.5,-10.5,21.0,0.0,True,False,1268.0,-10.0,0.5,1268.0,-10.0,0.5,1268.5,-9.5,1.0,1267.0,-11.0,-0.5
290900,Mark 38,Mark 14,HYDROGEL_PACK,XIRECS,9965.0,3,1,buy,Mark 14,9949,9965,9957.0,16,35.0,35.0,70.0,8.0,-8.0,16.0,0.0,True,False,9956.0,-9.0,-1.0,9956.0,-9.0,-1.0,9958.0,-7.0,1.0,9954.0,-11.0,-3.0
292800,Mark 14,Mark 38,HYDROGEL_PACK,XIRECS,9951.0,6,1,sell,Mark 14,9951,9967,9959.0,16,41.0,41.0,82.0,-8.0,-8.0,0.0,-16.0,True,False,9960.0,-9.0,-1.0,9960.0,-9.0,-1.0,9962.0,-11.0,-3.0,9961.0,-10.0,-2.0
295000,Mark 38,Mark 14,HYDROGEL_PACK,XIRECS,9959.0,5,1,buy,Mark 14,9943,9959,9951.0,16,38.0,38.0,76.0,8.0,-8.0,16.0,0.0,True,False,9950.0,-9.0,-1.0,9950.0,-9.0,-1.0,9950.5,-8.5,-0.5,9953.0,-6.0,2.0
297100,Mark 38,Mark 14,HYDROGEL_PACK,XIRECS,9958.0,3,1,buy,Mark 14,9942,9958,9950.0,16,44.0,44.0,88.0,8.0,-8.0,16.0,0.0,True,False,9949.0,-9.0,-1.0,9949.0,-9.0,-1.0,9949.5,-8.5,-0.5,9949.0,-9.0,-1.0
297500,Mark 14,Mark 38,VEV_4000,XIRECS,1262.0,1,1,sell,Mark 14,1262,1284,1273.0,22,26.0,26.0,52.0,-11.0,-11.0,0.0,-22.0,True,False,1272.5,-10.5,0.5,1272.5,-10.5,0.5,1271.5,-9.5,1.5,1270.5,-8.5,2.5
301100,Mark 38,Mark 14,HYDROGEL_PACK,XIRECS,9966.0,3,1,buy,Mark 14,9950,9966,9958.0,16,42.0,42.0,84.0,8.0,-8.0,16.0,0.0,True,False,9959.0,-7.0,1.0,9959.0,-7.0,1.0,9959.0,-7.0,1.0,9953.5,-12.5,-4.5
301300,Mark 38,Mark 14,HYDROGEL_PACK,XIRECS,9967.0,2,1,buy,Mark 14,9951,9967,9959.0,16,40.0,40.0,80.0,8.0,-8.0,16.0,0.0,True,False,9956.0,-11.0,-3.0,9956.0,-11.0,-3.0,9954.0,-13.0,-5.0,9948.0,-19.0,-11.0
302400,Mark 14,Mark 38,HYDROGEL_PACK,XIRECS,9936.0,6,1,sell,Mark 14,9936,9952,9944.0,16,37.0,37.0,74.0,-8.0,-8.0,0.0,-16.0,True,False,9945.0,-9.0,-1.0,9945.0,-9.0,-1.0,9945.0,-9.0,-1.0,9944.0,-8.0,0.0
304200,Mark 14,Mark 38,HYDROGEL_PACK,XIRECS,9944.0,2,1,sell,Mark 14,9944,9960,9952.0,16,36.0,36.0,72.0,-8.0,-8.0,0.0,-16.0,True,False,9952.0,-8.0,0.0,9952.0,-8.0,0.0,9953.0,-9.0,-1.0,9959.0,-15.0,-7.0
306500,Mark 38,Mark 14,HYDROGEL_PACK,XIRECS,9967.0,5,1,buy,Mark 14,9951,9967,9959.0,16,37.0,37.0,74.0,8.0,-8.0,16.0,0.0,True,False,9961.0,-6.0,2.0,9961.0,-6.0,2.0,9959.5,-7.5,0.5,9961.0,-6.0,2.0
307100,Mark 38,Mark 14,VEV_4000,XIRECS,1279.0,1,1,buy,Mark 14,1258,1279,1268.5,21,36.0,36.0,72.0,10.5,-10.5,21.0,0.0,True,False,1271.0,-8.0,2.5,1271.0,-8.0,2.5,1272.0,-7.0,3.5,1271.0,-8.0,2.5
308000,Mark 14,Mark 38,HYDROGEL_PACK,XIRECS,9943.0,3,1,sell,Mark 14,9943,9959,9951.0,16,42.0,42.0,84.0,-8.0,-8.0,0.0,-16.0,True,False,9953.0,-10.0,-2.0,9953.0,-10.0,-2.0,9955.0,-12.0,-4.0,9951.0,-8.0,0.0
308100,Mark 14,Mark 38,HYDROGEL_PACK,XIRECS,9945.0,4,1,sell,Mark 14,9945,9961,9953.0,16,32.0,32.0,64.0,-8.0,-8.0,0.0,-16.0,True,False,9955.0,-10.0,-2.0,9955.0,-10.0,-2.0,9953.0,-8.0,0.0,9952.0,-7.0,1.0
316200,Mark 38,Mark 14,HYDROGEL_PACK,XIRECS,9939.0,5,1,buy,Mark 14,9923,9939,9931.0,16,42.0,42.0,84.0,8.0,-8.0,16.0,0.0,True,False,9928.0,-11.0,-3.0,9928.0,-11.0,-3.0,9930.0,-9.0,-1.0,9930.0,-9.0,-1.0
317100,Mark 14,Mark 38,HYDROGEL_PACK,XIRECS,9929.0,4,1,sell,Mark 14,9929,9945,9937.0,16,35.0,35.0,70.0,-8.0,-8.0,0.0,-16.0,True,False,9939.0,-10.0,-2.0,9939.0,-10.0,-2.0,9940.0,-11.0,-3.0,9943.0,-14.0,-6.0
318300,Mark 38,Mark 14,HYDROGEL_PACK,XIRECS,9950.0,4,1,buy,Mark 14,9934,9950,9942.0,16,30.0,30.0,60.0,8.0,-8.0,16.0,0.0,True,False,9937.0,-13.0,-5.0,9937.0,-13.0,-5.0,9941.0,-9.0,-1.0,9939.0,-11.0,-3.0
323300,Mark 38,Mark 14,HYDROGEL_PACK,XIRECS,9956.0,5,1,buy,Mark 14,9940,9956,9948.0,16,38.0,38.0,76.0,8.0,-8.0,16.0,0.0,True,False,9947.0,-9.0,-1.0,9947.0,-9.0,-1.0,9946.0,-10.0,-2.0,9941.0,-15.0,-7.0
323300,Mark 38,Mark 14,VEV_4000,XIRECS,1262.0,3,1,buy,Mark 14,1241,1262,1251.5,21,37.0,37.0,74.0,10.5,-10.5,21.0,0.0,True,False,1252.5,-9.5,1.0,1252.5,-9.5,1.0,1252.5,-9.5,1.0,1252.5,-9.5,1.0
324600,Mark 38,Mark 14,HYDROGEL_PACK,XIRECS,9946.0,6,1,buy,Mark 14,9930,9946,9938.0,16,35.0,35.0,70.0,8.0,-8.0,16.0,0.0,True,False,9940.0,-6.0,2.0,9940.0,-6.0,2.0,9941.0,-5.0,3.0,9944.0,-2.0,6.0
325300,Mark 14,Mark 38,VEV_4000,XIRECS,1237.0,2,1,sell,Mark 14,1237,1258,1247.5,21,40.0,40.0,80.0,-10.5,-10.5,0.0,-21.0,True,False,1248.5,-11.5,-1.0,1248.5,-11.5,-1.0,1249.5,-12.5,-2.0,1250.5,-13.5,-3.0
326300,Mark 38,Mark 14,VEV_4000,XIRECS,1261.0,1,1,buy,Mark 14,1240,1261,1250.5,21,38.0,38.0,76.0,10.5,-10.5,21.0,0.0,True,False,1249.5,-11.5,-1.0,1249.5,-11.5,-1.0,1250.5,-10.5,0.0,1252.5,-8.5,2.0
327600,Mark 14,Mark 38,HYDROGEL_PACK,XIRECS,9928.0,5,1,sell,Mark 14,9928,9944,9936.0,16,41.0,41.0,82.0,-8.0,-8.0,0.0,-16.0,True,False,9938.0,-10.0,-2.0,9938.0,-10.0,-2.0,9935.0,-7.0,1.0,9940.0,-12.0,-4.0
327700,Mark 38,Mark 14,HYDROGEL_PACK,XIRECS,9946.0,6,1,buy,Mark 14,9930,9946,9938.0,16,36.0,36.0,72.0,8.0,-8.0,16.0,0.0,True,False,9935.0,-11.0,-3.0,9935.0,-11.0,-3.0,9936.0,-10.0,-2.0,9943.0,-3.0,5.0
328000,Mark 14,Mark 38,VEV_4000,XIRECS,1243.0,1,1,sell,Mark 14,1243,1264,1253.5,21,45.0,45.0,90.0,-10.5,-10.5,0.0,-21.0,True,False,1252.5,-9.5,1.0,1252.5,-9.5,1.0,1252.5,-9.5,1.0,1251.5,-8.5,2.0
328400,Mark 14,Mark 38,VEV_4000,XIRECS,1240.0,1,1,sell,Mark 14,1240,1261,1250.5,21,31.0,31.0,62.0,-10.5,-10.5,0.0,-21.0,True,False,1251.5,-11.5,-1.0,1251.5,-11.5,-1.0,1250.5,-10.5,0.0,1248.5,-8.5,2.0
331400,Mark 14,Mark 38,VEV_4000,XIRECS,1232.0,1,1,sell,Mark 14,1232,1253,1242.5,21,31.0,31.0,62.0,-10.5,-10.5,0.0,-21.0,True,False,1241.5,-9.5,1.0,1241.5,-9.5,1.0,1240.5,-8.5,2.0,1241.5,-9.5,1.0
334900,Mark 14,Mark 38,VEV_4000,XIRECS,1237.0,1,1,sell,Mark 14,1237,1258,1247.5,21,33.0,33.0,66.0,-10.5,-10.5,0.0,-21.0,True,False,1248.5,-11.5,-1.0,1248.5,-11.5,-1.0,1249.5,-12.5,-2.0,1248.5,-11.5,-1.0
335300,Mark 14,Mark 38,HYDROGEL_PACK,XIRECS,9943.0,5,1,sell,Mark 14,9943,9959,9951.0,16,35.0,35.0,70.0,-8.0,-8.0,0.0,-16.0,True,False,9950.0,-7.0,1.0,9950.0,-7.0,1.0,9953.0,-10.0,-2.0,9946.0,-3.0,5.0
335500,Mark 38,Mark 14,HYDROGEL_PACK,XIRECS,9961.0,4,1,buy,Mark 14,9945,9961,9953.0,16,37.0,37.0,74.0,8.0,-8.0,16.0,0.0,True,False,9949.0,-12.0,-4.0,9949.0,-12.0,-4.0,9946.0,-15.0,-7.0,9946.0,-15.0,-7.0
338100,Mark 14,Mark 38,HYDROGEL_PACK,XIRECS,9931.0,3,1,sell,Mark 14,9931,9947,9939.0,16,39.0,39.0,78.0,-8.0,-8.0,0.0,-16.0,True,False,9939.0,-8.0,0.0,9939.0,-8.0,0.0,9939.0,-8.0,0.0,9936.0,-5.0,3.0
339500,Mark 14,Mark 38,HYDROGEL_PACK,XIRECS,9932.0,3,1,sell,Mark 14,9932,9948,9940.0,16,33.0,33.0,66.0,-8.0,-8.0,0.0,-16.0,True,False,9942.5,-10.5,-2.5,9942.5,-10.5,-2.5,9943.0,-11.0,-3.0,9941.0,-9.0,-1.0
340100,Mark 38,Mark 14,VEV_4000,XIRECS,1260.0,2,1,buy,Mark 14,1239,1260,1249.5,21,31.0,31.0,62.0,10.5,-10.5,21.0,0.0,True,False,1249.5,-10.5,0.0,1249.5,-10.5,0.0,1251.5,-8.5,2.0,1250.5,-9.5,1.0
342400,Mark 14,Mark 38,HYDROGEL_PACK,XIRECS,9944.0,5,1,sell,Mark 14,9944,9960,9952.0,16,35.0,35.0,70.0,-8.0,-8.0,0.0,-16.0,True,False,9956.0,-12.0,-4.0,9956.0,-12.0,-4.0,9957.0,-13.0,-5.0,9961.0,-17.0,-9.0
343100,Mark 38,Mark 14,HYDROGEL_PACK,XIRECS,9966.0,2,1,buy,Mark 14,9950,9966,9958.0,16,43.0,43.0,86.0,8.0,-8.0,16.0,0.0,True,False,9957.5,-8.5,-0.5,9957.5,-8.5,-0.5,9957.0,-9.0,-1.0,9958.0,-8.0,0.0
344000,Mark 14,Mark 38,HYDROGEL_PACK,XIRECS,9953.0,5,1,sell,Mark 14,9953,9969,9961.0,16,34.0,34.0,68.0,-8.0,-8.0,0.0,-16.0,True,False,9961.0,-8.0,0.0,9961.0,-8.0,0.0,9963.0,-10.0,-2.0,9962.0,-9.0,-1.0
345700,Mark 38,Mark 14,HYDROGEL_PACK,XIRECS,9957.0,6,1,buy,Mark 14,9941,9957,9949.0,16,36.0,36.0,72.0,8.0,-8.0,16.0,0.0,True,False,9949.0,-8.0,0.0,9949.0,-8.0,0.0,9950.0,-7.0,1.0,9950.0,-7.0,1.0
345900,Mark 38,Mark 14,HYDROGEL_PACK,XIRECS,9958.0,3,1,buy,Mark 14,9942,9958,9950.0,16,31.0,31.0,62.0,8.0,-8.0,16.0,0.0,True,False,9948.0,-10.0,-2.0,9948.0,-10.0,-2.0,9948.5,-9.5,-1.5,9957.0,-1.0,7.0
348500,Mark 14,Mark 38,HYDROGEL_PACK,XIRECS,9964.0,5,1,sell,Mark 14,9964,9980,9972.0,16,40.0,40.0,80.0,-8.0,-8.0,0.0,-16.0,True,False,9974.0,-10.0,-2.0,9974.0,-10.0,-2.0,9975.0,-11.0,-3.0,9973.0,-9.0,-1.0
350900,Mark 38,Mark 14,VEV_4000,XIRECS,1256.0,3,1,buy,Mark 14,1235,1256,1245.5,21,30.0,30.0,60.0,10.5,-10.5,21.0,0.0,True,False,1244.5,-11.5,-1.0,1244.5,-11.5,-1.0,1245.5,-10.5,0.0,1243.5,-12.5,-2.0
351000,Mark 38,Mark 14,HYDROGEL_PACK,XIRECS,9973.0,3,1,buy,Mark 14,9957,9973,9965.0,16,39.0,39.0,78.0,8.0,-8.0,16.0,0.0,True,False,9964.0,-9.0,-1.0,9964.0,-9.0,-1.0,9960.0,-13.0,-5.0,9962.0,-11.0,-3.0
356800,Mark 14,Mark 38,VEV_4000,XIRECS,1234.0,2,1,sell,Mark 14,1234,1255,1244.5,21,24.0,24.0,48.0,-10.5,-10.5,0.0,-21.0,True,False,1245.0,-11.0,-0.5,1245.0,-11.0,-0.5,1245.5,-11.5,-1.0,1243.5,-9.5,1.0
357100,Mark 38,Mark 14,HYDROGEL_PACK,XIRECS,9963.0,6,1,buy,Mark 14,9947,9963,9955.0,16,30.0,30.0,60.0,8.0,-8.0,16.0,0.0,True,False,9955.0,-8.0,0.0,9955.0,-8.0,0.0,9956.0,-7.0,1.0,9956.0,-7.0,1.0
358300,Mark 14,Mark 38,VEV_4000,XIRECS,1237.0,3,1,sell,Mark 14,1237,1258,1247.5,21,36.0,36.0,72.0,-10.5,-10.5,0.0,-21.0,True,False,1247.5,-10.5,0.0,1247.5,-10.5,0.0,1247.5,-10.5,0.0,1248.5,-11.5,-1.0
358500,Mark 38,Mark 14,HYDROGEL_PACK,XIRECS,9960.0,6,1,buy,Mark 14,9944,9960,9952.0,16,36.0,36.0,72.0,8.0,-8.0,16.0,0.0,True,False,9954.0,-6.0,2.0,9954.0,-6.0,2.0,9955.0,-5.0,3.0,9951.0,-9.0,-1.0
360600,Mark 14,Mark 38,HYDROGEL_PACK,XIRECS,9951.0,2,1,sell,Mark 14,9951,9967,9959.0,16,37.0,37.0,74.0,-8.0,-8.0,0.0,-16.0,True,False,9959.0,-8.0,0.0,9959.0,-8.0,0.0,9956.0,-5.0,3.0,9958.0,-7.0,1.0
362700,Mark 14,Mark 38,HYDROGEL_PACK,XIRECS,9961.0,3,1,sell,Mark 14,9961,9977,9969.0,16,44.0,44.0,88.0,-8.0,-8.0,0.0,-16.0,True,False,9967.0,-6.0,2.0,9967.0,-6.0,2.0,9972.0,-11.0,-3.0,9973.0,-12.0,-4.0
363100,Mark 38,Mark 14,HYDROGEL_PACK,XIRECS,9983.0,4,1,buy,Mark 14,9967,9983,9975.0,16,44.0,44.0,88.0,8.0,-8.0,16.0,0.0,True,False,9973.0,-10.0,-2.0,9973.0,-10.0,-2.0,9972.0,-11.0,-3.0,9967.0,-16.0,-8.0
364800,Mark 38,Mark 14,HYDROGEL_PACK,XIRECS,9978.0,5,1,buy,Mark 14,9962,9978,9970.0,16,32.0,32.0,64.0,8.0,-8.0,16.0,0.0,True,False,9973.0,-5.0,3.0,9973.0,-5.0,3.0,9974.0,-4.0,4.0,9971.5,-6.5,1.5
365000,Mark 14,Mark 38,VEV_4000,XIRECS,1242.0,2,1,sell,Mark 14,1242,1263,1252.5,21,30.0,30.0,60.0,-10.5,-10.5,0.0,-21.0,True,False,1252.5,-10.5,0.0,1252.5,-10.5,0.0,1252.5,-10.5,0.0,1253.5,-11.5,-1.0
368500,Mark 38,Mark 14,HYDROGEL_PACK,XIRECS,9983.0,6,1,buy,Mark 14,9967,9983,9975.0,16,44.0,44.0,88.0,8.0,-8.0,16.0,0.0,True,False,9973.0,-10.0,-2.0,9973.0,-10.0,-2.0,9973.0,-10.0,-2.0,9969.0,-14.0,-6.0
371400,Mark 14,Mark 38,HYDROGEL_PACK,XIRECS,9953.0,2,1,sell,Mark 14,9953,9969,9961.0,16,38.0,38.0,76.0,-8.0,-8.0,0.0,-16.0,True,False,9959.0,-6.0,2.0,9959.0,-6.0,2.0,9957.0,-4.0,4.0,9966.0,-13.0,-5.0
373400,Mark 38,Mark 14,HYDROGEL_PACK,XIRECS,9970.0,3,1,buy,Mark 14,9954,9970,9962.0,16,35.0,35.0,70.0,8.0,-8.0,16.0,0.0,True,False,9964.0,-6.0,2.0,9964.0,-6.0,2.0,9964.0,-6.0,2.0,9963.0,-7.0,1.0
373700,Mark 14,Mark 38,HYDROGEL_PACK,XIRECS,9954.0,5,1,sell,Mark 14,9954,9970,9962.0,16,36.0,36.0,72.0,-8.0,-8.0,0.0,-16.0,True,False,9960.0,-6.0,2.0,9960.0,-6.0,2.0,9963.0,-9.0,-1.0,9961.0,-7.0,1.0
374800,Mark 14,Mark 38,VEV_4000,XIRECS,1242.0,3,1,sell,Mark 14,1242,1263,1252.5,21,42.0,42.0,84.0,-10.5,-10.5,0.0,-21.0,True,False,1251.5,-9.5,1.0,1251.5,-9.5,1.0,1251.5,-9.5,1.0,1251.5,-9.5,1.0
375100,Mark 14,Mark 38,HYDROGEL_PACK,XIRECS,9947.0,2,1,sell,Mark 14,9947,9963,9955.0,16,42.0,42.0,84.0,-8.0,-8.0,0.0,-16.0,True,False,9958.0,-11.0,-3.0,9958.0,-11.0,-3.0,9959.0,-12.0,-4.0,9961.0,-14.0,-6.0
376300,Mark 14,Mark 38,VEV_4000,XIRECS,1236.0,2,1,sell,Mark 14,1236,1257,1246.5,21,32.0,32.0,64.0,-10.5,-10.5,0.0,-21.0,True,False,1247.5,-11.5,-1.0,1247.5,-11.5,-1.0,1245.5,-9.5,1.0,1246.5,-10.5,0.0
380100,Mark 38,Mark 14,HYDROGEL_PACK,XIRECS,9957.0,6,1,buy,Mark 14,9941,9957,9949.0,16,37.0,37.0,74.0,8.0,-8.0,16.0,0.0,True,False,9947.0,-10.0,-2.0,9947.0,-10.0,-2.0,9948.0,-9.0,-1.0,9937.0,-20.0,-12.0
380700,Mark 38,Mark 14,HYDROGEL_PACK,XIRECS,9948.0,4,1,buy,Mark 14,9932,9948,9940.0,16,39.0,39.0,78.0,8.0,-8.0,16.0,0.0,True,False,9939.0,-9.0,-1.0,9939.0,-9.0,-1.0,9941.0,-7.0,1.0,9942.0,-6.0,2.0
383300,Mark 38,Mark 14,HYDROGEL_PACK,XIRECS,9945.0,5,1,buy,Mark 14,9929,9945,9937.0,16,36.0,36.0,72.0,8.0,-8.0,16.0,0.0,True,False,9935.0,-10.0,-2.0,9935.0,-10.0,-2.0,9937.0,-8.0,0.0,9939.0,-6.0,2.0
383600,Mark 38,Mark 14,HYDROGEL_PACK,XIRECS,9948.0,4,1,buy,Mark 14,9932,9948,9940.0,16,43.0,43.0,86.0,8.0,-8.0,16.0,0.0,True,False,9939.5,-8.5,-0.5,9939.5,-8.5,-0.5,9939.0,-9.0,-1.0,9941.0,-7.0,1.0
384200,Mark 14,Mark 38,VEV_4000,XIRECS,1239.0,1,1,sell,Mark 14,1239,1260,1249.5,21,25.0,25.0,50.0,-10.5,-10.5,0.0,-21.0,True,False,1247.5,-8.5,2.0,1247.5,-8.5,2.0,1248.5,-9.5,1.0,1247.5,-8.5,2.0
384500,Mark 14,Mark 38,VEV_4000,XIRECS,1238.0,3,1,sell,Mark 14,1238,1259,1248.5,21,42.0,42.0,84.0,-10.5,-10.5,0.0,-21.0,True,False,1248.5,-10.5,0.0,1248.5,-10.5,0.0,1247.5,-9.5,1.0,1248.5,-10.5,0.0
385800,Mark 38,Mark 14,HYDROGEL_PACK,XIRECS,9943.0,6,1,buy,Mark 14,9927,9943,9935.0,16,34.0,34.0,68.0,8.0,-8.0,16.0,0.0,True,False,9931.0,-12.0,-4.0,9931.0,-12.0,-4.0,9933.5,-9.5,-1.5,9934.0,-9.0,-1.0
386800,Mark 38,Mark 14,VEV_4000,XIRECS,1257.0,2,1,buy,Mark 14,1236,1257,1246.5,21,27.0,27.0,54.0,10.5,-10.5,21.0,0.0,True,False,1245.5,-11.5,-1.0,1245.5,-11.5,-1.0,1244.5,-12.5,-2.0,1246.5,-10.5,0.0
390800,Mark 14,Mark 38,VEV_4000,XIRECS,1233.0,3,1,sell,Mark 14,1233,1254,1243.5,21,33.0,33.0,66.0,-10.5,-10.5,0.0,-21.0,True,False,1245.5,-12.5,-2.0,1245.5,-12.5,-2.0,1244.5,-11.5,-1.0,1244.5,-11.5,-1.0
394800,Mark 14,Mark 38,HYDROGEL_PACK,XIRECS,9941.0,5,1,sell,Mark 14,9941,9957,9949.0,16,34.0,34.0,68.0,-8.0,-8.0,0.0,-16.0,True,False,9949.0,-8.0,0.0,9949.0,-8.0,0.0,9949.0,-8.0,0.0,9947.0,-6.0,2.0
396300,Mark 38,Mark 14,HYDROGEL_PACK,XIRECS,9956.0,4,1,buy,Mark 14,9941,9956,9948.5,15,41.0,41.0,82.0,7.5,-7.5,15.0,0.0,True,False,9951.0,-5.0,2.5,9951.0,-5.0,2.5,9950.0,-6.0,1.5,9947.0,-9.0,-1.5
397800,Mark 38,Mark 14,HYDROGEL_PACK,XIRECS,9950.0,4,1,buy,Mark 14,9934,9950,9942.0,16,40.0,40.0,80.0,8.0,-8.0,16.0,0.0,True,False,9943.0,-7.0,1.0,9943.0,-7.0,1.0,9940.0,-10.0,-2.0,9936.0,-14.0,-6.0
399900,Mark 14,Mark 38,VEV_4000,XIRECS,1231.0,1,1,sell,Mark 14,1231,1252,1241.5,21,26.0,26.0,52.0,-10.5,-10.5,0.0,-21.0,True,False,1246.5,-15.5,-5.0,1246.5,-15.5,-5.0,1242.5,-11.5,-1.0,1243.5,-12.5,-2.0
403600,Mark 14,Mark 38,HYDROGEL_PACK,XIRECS,9922.0,6,1,sell,Mark 14,9922,9938,9930.0,16,40.0,40.0,80.0,-8.0,-8.0,0.0,-16.0,True,False,9931.0,-9.0,-1.0,9931.0,-9.0,-1.0,9931.0,-9.0,-1.0,9928.0,-6.0,2.0
409300,Mark 14,Mark 38,HYDROGEL_PACK,XIRECS,9929.0,6,1,sell,Mark 14,9929,9945,9937.0,16,33.0,33.0,66.0,-8.0,-8.0,0.0,-16.0,True,False,9938.0,-9.0,-1.0,9938.0,-9.0,-1.0,9942.0,-13.0,-5.0,9943.0,-14.0,-6.0
411000,Mark 38,Mark 14,HYDROGEL_PACK,XIRECS,9951.0,4,1,buy,Mark 14,9935,9951,9943.0,16,38.0,38.0,76.0,8.0,-8.0,16.0,0.0,True,False,9941.0,-10.0,-2.0,9941.0,-10.0,-2.0,9941.0,-10.0,-2.0,9945.0,-6.0,2.0
411400,Mark 38,Mark 14,HYDROGEL_PACK,XIRECS,9952.0,3,1,buy,Mark 14,9936,9952,9944.0,16,41.0,41.0,82.0,8.0,-8.0,16.0,0.0,True,False,9945.0,-7.0,1.0,9945.0,-7.0,1.0,9944.0,-8.0,0.0,9942.0,-10.0,-2.0
412300,Mark 38,Mark 14,HYDROGEL_PACK,XIRECS,9953.0,2,1,buy,Mark 14,9937,9953,9945.0,16,34.0,34.0,68.0,8.0,-8.0,16.0,0.0,True,False,9944.0,-9.0,-1.0,9944.0,-9.0,-1.0,9945.0,-8.0,0.0,9950.0,-3.0,5.0
414000,Mark 38,Mark 14,HYDROGEL_PACK,XIRECS,9962.0,2,1,buy,Mark 14,9946,9962,9954.0,16,35.0,35.0,70.0,8.0,-8.0,16.0,0.0,True,False,9950.0,-12.0,-4.0,9950.0,-12.0,-4.0,9948.5,-13.5,-5.5,9955.0,-7.0,1.0
414400,Mark 14,Mark 38,HYDROGEL_PACK,XIRECS,9945.0,3,1,sell,Mark 14,9945,9961,9953.0,16,34.0,34.0,68.0,-8.0,-8.0,0.0,-16.0,True,False,9955.0,-10.0,-2.0,9955.0,-10.0,-2.0,9952.0,-7.0,1.0,9949.0,-4.0,4.0
414800,Mark 14,Mark 38,HYDROGEL_PACK,XIRECS,9940.0,3,1,sell,Mark 14,9940,9956,9948.0,16,41.0,41.0,82.0,-8.0,-8.0,0.0,-16.0,True,False,9949.0,-9.0,-1.0,9949.0,-9.0,-1.0,9949.0,-9.0,-1.0,9956.5,-16.5,-8.5
419700,Mark 38,Mark 14,VEV_4000,XIRECS,1241.0,1,1,buy,Mark 14,1220,1241,1230.5,21,43.0,43.0,86.0,10.5,-10.5,21.0,0.0,True,False,1228.0,-13.0,-2.5,1228.0,-13.0,-2.5,1228.5,-12.5,-2.0,1227.5,-13.5,-3.0
421500,Mark 14,Mark 38,HYDROGEL_PACK,XIRECS,9946.0,3,1,sell,Mark 14,9946,9962,9954.0,16,42.0,42.0,84.0,-8.0,-8.0,0.0,-16.0,True,False,9955.0,-9.0,-1.0,9955.0,-9.0,-1.0,9955.0,-9.0,-1.0,9951.0,-5.0,3.0
425400,Mark 38,Mark 14,VEV_4000,XIRECS,1246.0,1,1,buy,Mark 14,1226,1246,1236.0,20,39.0,39.0,78.0,10.0,-10.0,20.0,0.0,True,False,1234.5,-11.5,-1.5,1234.5,-11.5,-1.5,1235.0,-11.0,-1.0,1234.0,-12.0,-2.0
427000,Mark 14,Mark 38,HYDROGEL_PACK,XIRECS,9950.0,2,1,sell,Mark 14,9950,9966,9958.0,16,42.0,42.0,84.0,-8.0,-8.0,0.0,-16.0,True,False,9959.0,-9.0,-1.0,9959.0,-9.0,-1.0,9958.0,-8.0,0.0,9953.0,-3.0,5.0
436200,Mark 38,Mark 14,HYDROGEL_PACK,XIRECS,9935.0,5,1,buy,Mark 14,9919,9935,9927.0,16,33.0,33.0,66.0,8.0,-8.0,16.0,0.0,True,False,9926.5,-8.5,-0.5,9926.5,-8.5,-0.5,9925.0,-10.0,-2.0,9926.0,-9.0,-1.0
437100,Mark 38,Mark 22,VEV_4000,XIRECS,1233.0,1,1,buy,Mark 22,1223,1233,1228.0,10,40.0,44.0,84.0,5.0,-5.0,10.0,0.0,True,False,1238.5,5.5,10.5,1238.5,5.5,10.5,1233.0,0.0,5.0,1232.0,-1.0,4.0
437100,Mark 38,Mark 22,VEV_4500,XIRECS,733.0,1,1,buy,Mark 22,726,733,729.5,7,31.0,35.0,66.0,3.5,-3.5,7.0,0.0,True,False,737.0,4.0,7.5,737.0,4.0,7.5,733.0,0.0,3.5,732.0,-1.0,2.5
437100,Mark 38,Mark 22,VEV_5000,XIRECS,238.0,1,1,buy,Mark 22,236,238,237.0,2,31.0,35.0,66.0,1.0,-1.0,2.0,0.0,True,False,240.0,2.0,3.0,240.0,2.0,3.0,238.5,0.5,1.5,237.5,-0.5,0.5
437100,Mark 38,Mark 22,VEV_5100,XIRECS,152.0,1,1,buy,Mark 22,150,152,151.0,2,31.0,35.0,66.0,1.0,-1.0,2.0,0.0,True,False,153.0,1.0,2.0,153.0,1.0,2.0,152.0,0.0,1.0,151.0,-1.0,0.0
437100,Mark 38,Mark 22,VEV_5200,XIRECS,87.0,1,1,buy,Mark 22,86,87,86.5,1,31.0,35.0,66.0,0.5,-0.5,1.0,0.0,True,False,87.5,0.5,1.0,87.5,0.5,1.0,86.5,-0.5,0.0,86.5,-0.5,0.0
437100,Mark 38,Mark 22,VEV_5300,XIRECS,41.0,1,1,buy,Mark 22,40,41,40.5,1,16.0,20.0,36.0,0.5,-0.5,1.0,0.0,True,False,41.5,0.5,1.0,41.5,0.5,1.0,41.0,0.0,0.5,41.0,0.0,0.5
440300,Mark 38,Mark 14,HYDROGEL_PACK,XIRECS,9922.0,2,1,buy,Mark 14,9906,9922,9914.0,16,37.0,37.0,74.0,8.0,-8.0,16.0,0.0,True,False,9917.0,-5.0,3.0,9917.0,-5.0,3.0,9914.0,-8.0,0.0,9916.0,-6.0,2.0
441300,Mark 14,Mark 38,HYDROGEL_PACK,XIRECS,9902.0,2,1,sell,Mark 14,9902,9918,9910.0,16,31.0,31.0,62.0,-8.0,-8.0,0.0,-16.0,True,False,9913.0,-11.0,-3.0,9913.0,-11.0,-3.0,9913.0,-11.0,-3.0,9913.0,-11.0,-3.0
443600,Mark 14,Mark 38,HYDROGEL_PACK,XIRECS,9908.0,2,1,sell,Mark 14,9908,9924,9916.0,16,45.0,45.0,90.0,-8.0,-8.0,0.0,-16.0,True,False,9916.0,-8.0,0.0,9916.0,-8.0,0.0,9913.5,-5.5,2.5,9919.0,-11.0,-3.0
444000,Mark 14,Mark 38,VEV_4000,XIRECS,1230.0,3,1,sell,Mark 14,1230,1251,1240.5,21,35.0,35.0,70.0,-10.5,-10.5,0.0,-21.0,True,False,1240.5,-10.5,0.0,1240.5,-10.5,0.0,1240.5,-10.5,0.0,1241.5,-11.5,-1.0
448700,Mark 14,Mark 38,VEV_4000,XIRECS,1238.0,3,1,sell,Mark 14,1238,1259,1248.5,21,32.0,32.0,64.0,-10.5,-10.5,0.0,-21.0,True,False,1249.5,-11.5,-1.0,1249.5,-11.5,-1.0,1248.5,-10.5,0.0,1245.5,-7.5,3.0
450000,Mark 14,Mark 38,HYDROGEL_PACK,XIRECS,9932.0,5,1,sell,Mark 14,9932,9948,9940.0,16,31.0,31.0,62.0,-8.0,-8.0,0.0,-16.0,True,False,9942.0,-10.0,-2.0,9942.0,-10.0,-2.0,9940.0,-8.0,0.0,9942.0,-10.0,-2.0
455400,Mark 38,Mark 14,VEV_4000,XIRECS,1257.0,1,1,buy,Mark 14,1236,1257,1246.5,21,35.0,35.0,70.0,10.5,-10.5,21.0,0.0,True,False,1246.5,-10.5,0.0,1246.5,-10.5,0.0,1247.5,-9.5,1.0,1246.5,-10.5,0.0
457700,Mark 14,Mark 38,HYDROGEL_PACK,XIRECS,9914.0,4,1,sell,Mark 14,9914,9930,9922.0,16,44.0,44.0,88.0,-8.0,-8.0,0.0,-16.0,True,False,9922.0,-8.0,0.0,9922.0,-8.0,0.0,9920.0,-6.0,2.0,9922.0,-8.0,0.0
459900,Mark 14,Mark 38,VEV_4000,XIRECS,1239.0,2,1,sell,Mark 14,1239,1260,1249.5,21,40.0,40.0,80.0,-10.5,-10.5,0.0,-21.0,True,False,1249.5,-10.5,0.0,1249.5,-10.5,0.0,1249.5,-10.5,0.0,1245.0,-6.0,4.5
462500,Mark 38,Mark 14,HYDROGEL_PACK,XIRECS,9932.0,2,1,buy,Mark 14,9916,9932,9924.0,16,40.0,40.0,80.0,8.0,-8.0,16.0,0.0,True,False,9926.0,-6.0,2.0,9926.0,-6.0,2.0,9925.0,-7.0,1.0,9922.0,-10.0,-2.0
464200,Mark 14,Mark 38,VEV_4000,XIRECS,1241.0,1,1,sell,Mark 14,1241,1262,1251.5,21,26.0,26.0,52.0,-10.5,-10.5,0.0,-21.0,True,False,1252.5,-11.5,-1.0,1252.5,-11.5,-1.0,1253.5,-12.5,-2.0,1253.5,-12.5,-2.0
475500,Mark 14,Mark 38,VEV_4000,XIRECS,1244.0,1,1,sell,Mark 14,1244,1265,1254.5,21,35.0,35.0,70.0,-10.5,-10.5,0.0,-21.0,True,False,1254.5,-10.5,0.0,1254.5,-10.5,0.0,1255.5,-11.5,-1.0,1256.5,-12.5,-2.0
476200,Mark 38,Mark 14,HYDROGEL_PACK,XIRECS,9959.0,3,1,buy,Mark 14,9943,9959,9951.0,16,38.0,38.0,76.0,8.0,-8.0,16.0,0.0,True,False,9954.0,-5.0,3.0,9954.0,-5.0,3.0,9952.5,-6.5,1.5,9951.5,-7.5,0.5
477600,Mark 14,Mark 38,HYDROGEL_PACK,XIRECS,9941.0,5,1,sell,Mark 14,9941,9957,9949.0,16,37.0,37.0,74.0,-8.0,-8.0,0.0,-16.0,True,False,9950.0,-9.0,-1.0,9950.0,-9.0,-1.0,9950.0,-9.0,-1.0,9954.0,-13.0,-5.0
479100,Mark 38,Mark 14,HYDROGEL_PACK,XIRECS,9973.0,5,1,buy,Mark 14,9964,9973,9968.5,9,48.0,39.0,87.0,4.5,-4.5,9.0,0.0,True,False,9963.0,-10.0,-5.5,9963.0,-10.0,-5.5,9965.0,-8.0,-3.5,9961.0,-12.0,-7.5
480700,Mark 38,Mark 14,VEV_4000,XIRECS,1259.0,2,1,buy,Mark 14,1238,1259,1248.5,21,30.0,30.0,60.0,10.5,-10.5,21.0,0.0,True,False,1249.5,-9.5,1.0,1249.5,-9.5,1.0,1249.5,-9.5,1.0,1247.5,-11.5,-1.0
480900,Mark 14,Mark 38,VEV_4000,XIRECS,1239.0,2,1,sell,Mark 14,1239,1260,1249.5,21,24.0,24.0,48.0,-10.5,-10.5,0.0,-21.0,True,False,1249.5,-10.5,0.0,1249.5,-10.5,0.0,1248.5,-9.5,1.0,1245.5,-6.5,4.0
481300,Mark 38,Mark 14,VEV_4000,XIRECS,1257.0,3,1,buy,Mark 14,1236,1257,1246.5,21,28.0,28.0,56.0,10.5,-10.5,21.0,0.0,True,False,1245.5,-11.5,-1.0,1245.5,-11.5,-1.0,1245.5,-11.5,-1.0,1243.5,-13.5,-3.0
483200,Mark 38,Mark 14,VEV_4000,XIRECS,1252.0,3,1,buy,Mark 14,1231,1252,1241.5,21,33.0,33.0,66.0,10.5,-10.5,21.0,0.0,True,False,1240.5,-11.5,-1.0,1240.5,-11.5,-1.0,1239.5,-12.5,-2.0,1239.5,-12.5,-2.0
485300,Mark 14,Mark 38,HYDROGEL_PACK,XIRECS,9952.0,3,1,sell,Mark 14,9952,9968,9960.0,16,43.0,43.0,86.0,-8.0,-8.0,0.0,-16.0,True,False,9962.0,-10.0,-2.0,9962.0,-10.0,-2.0,9962.0,-10.0,-2.0,9962.0,-10.0,-2.0
489600,Mark 14,Mark 38,HYDROGEL_PACK,XIRECS,9948.0,4,1,sell,Mark 14,9948,9964,9956.0,16,41.0,41.0,82.0,-8.0,-8.0,0.0,-16.0,True,False,9957.0,-9.0,-1.0,9957.0,-9.0,-1.0,9958.0,-10.0,-2.0,9963.0,-15.0,-7.0
491100,Mark 14,Mark 38,VEV_4000,XIRECS,1233.0,3,1,sell,Mark 14,1233,1254,1243.5,21,39.0,39.0,78.0,-10.5,-10.5,0.0,-21.0,True,False,1243.5,-10.5,0.0,1243.5,-10.5,0.0,1244.5,-11.5,-1.0,1245.0,-12.0,-1.5
494500,Mark 38,Mark 14,HYDROGEL_PACK,XIRECS,9975.0,4,1,buy,Mark 14,9959,9975,9967.0,16,35.0,35.0,70.0,8.0,-8.0,16.0,0.0,True,False,9967.0,-8.0,0.0,9967.0,-8.0,0.0,9966.0,-9.0,-1.0,9969.0,-6.0,2.0
494700,Mark 14,Mark 38,VEV_4000,XIRECS,1228.0,2,1,sell,Mark 14,1228,1249,1238.5,21,34.0,34.0,68.0,-10.5,-10.5,0.0,-21.0,True,False,1239.0,-11.0,-0.5,1239.0,-11.0,-0.5,1238.5,-10.5,0.0,1237.5,-9.5,1.0
495300,Mark 14,Mark 38,HYDROGEL_PACK,XIRECS,9964.0,5,1,sell,Mark 14,9964,9980,9972.0,16,39.0,39.0,78.0,-8.0,-8.0,0.0,-16.0,True,False,9973.0,-9.0,-1.0,9973.0,-9.0,-1.0,9974.0,-10.0,-2.0,9979.0,-15.0,-7.0
496300,Mark 14,Mark 38,VEV_4000,XIRECS,1230.0,2,1,sell,Mark 14,1230,1251,1240.5,21,24.0,24.0,48.0,-10.5,-10.5,0.0,-21.0,True,False,1239.5,-9.5,1.0,1239.5,-9.5,1.0,1241.5,-11.5,-1.0,1240.5,-10.5,0.0
499900,Mark 14,Mark 38,HYDROGEL_PACK,XIRECS,9990.0,6,1,sell,Mark 14,9990,10006,9998.0,16,39.0,39.0,78.0,-8.0,-8.0,0.0,-16.0,True,False,9999.0,-9.0,-1.0,9999.0,-9.0,-1.0,9995.0,-5.0,3.0,9994.0,-4.0,4.0
500800,Mark 14,Mark 38,HYDROGEL_PACK,XIRECS,9987.0,4,1,sell,Mark 14,9987,10003,9995.0,16,31.0,31.0,62.0,-8.0,-8.0,0.0,-16.0,True,False,9998.0,-11.0,-3.0,9998.0,-11.0,-3.0,9998.0,-11.0,-3.0,9997.0,-10.0,-2.0
501400,Mark 14,Mark 38,HYDROGEL_PACK,XIRECS,9987.0,6,1,sell,Mark 14,9987,10003,9995.0,16,45.0,45.0,90.0,-8.0,-8.0,0.0,-16.0,True,False,9993.0,-6.0,2.0,9993.0,-6.0,2.0,9994.0,-7.0,1.0,9993.0,-6.0,2.0
502000,Mark 14,Mark 38,HYDROGEL_PACK,XIRECS,9985.0,3,1,sell,Mark 14,9985,10001,9993.0,16,38.0,38.0,76.0,-8.0,-8.0,0.0,-16.0,True,False,9996.0,-11.0,-3.0,9996.0,-11.0,-3.0,9996.0,-11.0,-3.0,9997.0,-12.0,-4.0
503500,Mark 14,Mark 38,HYDROGEL_PACK,XIRECS,9994.0,6,1,sell,Mark 14,9994,10010,10002.0,16,40.0,40.0,80.0,-8.0,-8.0,0.0,-16.0,True,False,10002.0,-8.0,0.0,10002.0,-8.0,0.0,10000.0,-6.0,2.0,10003.0,-9.0,-1.0
503500,Mark 14,Mark 38,VEV_4000,XIRECS,1240.0,3,1,sell,Mark 14,1240,1261,1250.5,21,41.0,41.0,82.0,-10.5,-10.5,0.0,-21.0,True,False,1250.5,-10.5,0.0,1250.5,-10.5,0.0,1250.5,-10.5,0.0,1249.5,-9.5,1.0
507200,Mark 38,Mark 14,HYDROGEL_PACK,XIRECS,10012.0,4,1,buy,Mark 14,9996,10012,10004.0,16,38.0,38.0,76.0,8.0,-8.0,16.0,0.0,True,False,10001.0,-11.0,-3.0,10001.0,-11.0,-3.0,10002.0,-10.0,-2.0,10000.0,-12.0,-4.0
507800,Mark 14,Mark 38,HYDROGEL_PACK,XIRECS,9992.0,6,1,sell,Mark 14,9992,10008,10000.0,16,38.0,38.0,76.0,-8.0,-8.0,0.0,-16.0,True,False,10000.0,-8.0,0.0,10000.0,-8.0,0.0,10001.0,-9.0,-1.0,9998.5,-6.5,1.5
509100,Mark 14,Mark 38,VEV_4000,XIRECS,1250.0,3,1,sell,Mark 14,1250,1271,1260.5,21,29.0,29.0,58.0,-10.5,-10.5,0.0,-21.0,True,False,1262.5,-12.5,-2.0,1262.5,-12.5,-2.0,1263.0,-13.0,-2.5,1261.0,-11.0,-0.5
509900,Mark 14,Mark 38,HYDROGEL_PACK,XIRECS,10005.0,5,1,sell,Mark 14,10005,10021,10013.0,16,39.0,39.0,78.0,-8.0,-8.0,0.0,-16.0,True,False,10010.0,-5.0,3.0,10010.0,-5.0,3.0,10011.0,-6.0,2.0,10004.0,1.0,9.0
510100,Mark 14,Mark 38,HYDROGEL_PACK,XIRECS,10003.0,3,1,sell,Mark 14,10003,10019,10011.0,16,35.0,35.0,70.0,-8.0,-8.0,0.0,-16.0,True,False,10009.0,-6.0,2.0,10009.0,-6.0,2.0,10008.0,-5.0,3.0,10001.0,2.0,10.0
513200,Mark 38,Mark 14,HYDROGEL_PACK,XIRECS,10010.0,5,1,buy,Mark 14,9994,10010,10002.0,16,35.0,35.0,70.0,8.0,-8.0,16.0,0.0,True,False,9999.0,-11.0,-3.0,9999.0,-11.0,-3.0,9998.0,-12.0,-4.0,9999.0,-11.0,-3.0
515200,Mark 14,Mark 38,HYDROGEL_PACK,XIRECS,10000.0,4,1,sell,Mark 14,10000,10016,10008.0,16,43.0,43.0,86.0,-8.0,-8.0,0.0,-16.0,True,False,10007.0,-7.0,1.0,10007.0,-7.0,1.0,10010.0,-10.0,-2.0,10011.0,-11.0,-3.0
517900,Mark 14,Mark 38,VEV_4000,XIRECS,1249.0,1,1,sell,Mark 14,1249,1270,1259.5,21,42.0,42.0,84.0,-10.5,-10.5,0.0,-21.0,True,False,1258.5,-9.5,1.0,1258.5,-9.5,1.0,1259.5,-10.5,0.0,1259.0,-10.0,0.5
518800,Mark 38,Mark 14,VEV_4000,XIRECS,1271.0,1,1,buy,Mark 14,1250,1271,1260.5,21,31.0,31.0,62.0,10.5,-10.5,21.0,0.0,True,False,1259.5,-11.5,-1.0,1259.5,-11.5,-1.0,1258.5,-12.5,-2.0,1256.5,-14.5,-4.0
519000,Mark 14,Mark 38,HYDROGEL_PACK,XIRECS,10002.0,5,1,sell,Mark 14,10002,10018,10010.0,16,41.0,41.0,82.0,-8.0,-8.0,0.0,-16.0,True,False,10010.0,-8.0,0.0,10010.0,-8.0,0.0,10009.0,-7.0,1.0,10011.0,-9.0,-1.0
519100,Mark 14,Mark 38,VEV_4000,XIRECS,1246.0,2,1,sell,Mark 14,1246,1268,1257.0,22,32.0,32.0,64.0,-11.0,-11.0,0.0,-22.0,True,False,1256.5,-10.5,0.5,1256.5,-10.5,0.5,1256.5,-10.5,0.5,1258.5,-12.5,-1.5
519400,Mark 38,Mark 14,HYDROGEL_PACK,XIRECS,10017.0,2,1,buy,Mark 14,10001,10017,10009.0,16,39.0,39.0,78.0,8.0,-8.0,16.0,0.0,True,False,10011.0,-6.0,2.0,10011.0,-6.0,2.0,10011.0,-6.0,2.0,10011.0,-6.0,2.0
520400,Mark 38,Mark 14,HYDROGEL_PACK,XIRECS,10019.0,2,1,buy,Mark 14,10003,10019,10011.0,16,39.0,39.0,78.0,8.0,-8.0,16.0,0.0,True,False,10014.0,-5.0,3.0,10014.0,-5.0,3.0,10013.0,-6.0,2.0,10015.0,-4.0,4.0
521100,Mark 14,Mark 38,VEV_4000,XIRECS,1248.0,2,1,sell,Mark 14,1248,1269,1258.5,21,29.0,29.0,58.0,-10.5,-10.5,0.0,-21.0,True,False,1259.5,-11.5,-1.0,1259.5,-11.5,-1.0,1260.5,-12.5,-2.0,1259.5,-11.5,-1.0
525500,Mark 14,Mark 38,VEV_4000,XIRECS,1247.0,1,1,sell,Mark 14,1247,1268,1257.5,21,28.0,28.0,56.0,-10.5,-10.5,0.0,-21.0,True,False,1257.0,-10.0,0.5,1257.0,-10.0,0.5,1256.5,-9.5,1.0,1254.5,-7.5,3.0
526600,Mark 38,Mark 14,HYDROGEL_PACK,XIRECS,10021.0,4,1,buy,Mark 14,10005,10021,10013.0,16,45.0,45.0,90.0,8.0,-8.0,16.0,0.0,True,False,10013.0,-8.0,0.0,10013.0,-8.0,0.0,10007.5,-13.5,-5.5,10011.0,-10.0,-2.0
527700,Mark 38,Mark 14,HYDROGEL_PACK,XIRECS,10021.0,6,1,buy,Mark 14,10005,10021,10013.0,16,42.0,42.0,84.0,8.0,-8.0,16.0,0.0,True,False,10015.0,-6.0,2.0,10015.0,-6.0,2.0,10017.0,-4.0,4.0,10021.0,0.0,8.0
530300,Mark 14,Mark 38,HYDROGEL_PACK,XIRECS,10010.0,3,1,sell,Mark 14,10010,10026,10018.0,16,42.0,42.0,84.0,-8.0,-8.0,0.0,-16.0,True,False,10017.0,-7.0,1.0,10017.0,-7.0,1.0,10018.0,-8.0,0.0,10023.0,-13.0,-5.0
530600,Mark 14,Mark 38,HYDROGEL_PACK,XIRECS,10010.0,5,1,sell,Mark 14,10010,10026,10018.0,16,39.0,39.0,78.0,-8.0,-8.0,0.0,-16.0,True,False,10021.0,-11.0,-3.0,10021.0,-11.0,-3.0,10023.0,-13.0,-5.0,10024.0,-14.0,-6.0
533100,Mark 38,Mark 14,HYDROGEL_PACK,XIRECS,10029.0,2,1,buy,Mark 14,10013,10029,10021.0,16,43.0,43.0,86.0,8.0,-8.0,16.0,0.0,True,False,10021.0,-8.0,0.0,10021.0,-8.0,0.0,10022.0,-7.0,1.0,10021.0,-8.0,0.0
533400,Mark 38,Mark 14,HYDROGEL_PACK,XIRECS,10030.0,5,1,buy,Mark 14,10014,10030,10022.0,16,36.0,36.0,72.0,8.0,-8.0,16.0,0.0,True,False,10022.0,-8.0,0.0,10022.0,-8.0,0.0,10021.0,-9.0,-1.0,10018.0,-12.0,-4.0
534800,Mark 38,Mark 14,HYDROGEL_PACK,XIRECS,10018.0,3,1,buy,Mark 14,10002,10018,10010.0,16,38.0,38.0,76.0,8.0,-8.0,16.0,0.0,True,False,10008.0,-10.0,-2.0,10008.0,-10.0,-2.0,10009.0,-9.0,-1.0,10013.0,-5.0,3.0
537500,Mark 14,Mark 38,HYDROGEL_PACK,XIRECS,10014.0,2,1,sell,Mark 14,10014,10030,10022.0,16,35.0,35.0,70.0,-8.0,-8.0,0.0,-16.0,True,False,10019.0,-5.0,3.0,10019.0,-5.0,3.0,10020.0,-6.0,2.0,10016.0,-2.0,6.0
538000,Mark 38,Mark 14,HYDROGEL_PACK,XIRECS,10024.0,2,1,buy,Mark 14,10008,10024,10016.0,16,36.0,36.0,72.0,8.0,-8.0,16.0,0.0,True,False,10016.0,-8.0,0.0,10016.0,-8.0,0.0,10015.0,-9.0,-1.0,10015.0,-9.0,-1.0
538900,Mark 38,Mark 14,HYDROGEL_PACK,XIRECS,10022.0,6,1,buy,Mark 14,10006,10022,10014.0,16,41.0,41.0,82.0,8.0,-8.0,16.0,0.0,True,False,10013.0,-9.0,-1.0,10013.0,-9.0,-1.0,10012.0,-10.0,-2.0,10012.0,-10.0,-2.0
542600,Mark 38,Mark 14,HYDROGEL_PACK,XIRECS,10012.0,6,1,buy,Mark 14,9996,10012,10004.0,16,34.0,34.0,68.0,8.0,-8.0,16.0,0.0,True,False,10005.0,-7.0,1.0,10005.0,-7.0,1.0,10003.0,-9.0,-1.0,10010.0,-2.0,6.0
544500,Mark 38,Mark 14,VEV_4000,XIRECS,1246.0,2,1,buy,Mark 14,1226,1246,1236.0,20,38.0,38.0,76.0,10.0,-10.0,20.0,0.0,True,False,1236.0,-10.0,0.0,1236.0,-10.0,0.0,1236.5,-9.5,0.5,1237.5,-8.5,1.5
550300,Mark 38,Mark 14,VEV_4000,XIRECS,1242.0,1,1,buy,Mark 14,1222,1242,1232.0,20,44.0,44.0,88.0,10.0,-10.0,20.0,0.0,True,False,1232.0,-10.0,0.0,1232.0,-10.0,0.0,1233.0,-9.0,1.0,1232.0,-10.0,0.0
550400,Mark 14,Mark 38,HYDROGEL_PACK,XIRECS,9998.0,2,1,sell,Mark 14,9998,10014,10006.0,16,31.0,31.0,62.0,-8.0,-8.0,0.0,-16.0,True,False,10006.0,-8.0,0.0,10006.0,-8.0,0.0,10008.0,-10.0,-2.0,10015.0,-17.0,-9.0
550900,Mark 14,Mark 38,VEV_4000,XIRECS,1221.0,2,1,sell,Mark 14,1221,1242,1231.5,21,35.0,35.0,70.0,-10.5,-10.5,0.0,-21.0,True,False,1233.5,-12.5,-2.0,1233.5,-12.5,-2.0,1234.5,-13.5,-3.0,1233.5,-12.5,-2.0
552600,Mark 38,Mark 14,VEV_4000,XIRECS,1244.0,3,1,buy,Mark 14,1223,1244,1233.5,21,41.0,41.0,82.0,10.5,-10.5,21.0,0.0,True,False,1233.0,-11.0,-0.5,1233.0,-11.0,-0.5,1232.5,-11.5,-1.0,1224.0,-20.0,-9.5
553300,Mark 38,Mark 14,HYDROGEL_PACK,XIRECS,10032.0,6,1,buy,Mark 14,10016,10032,10024.0,16,34.0,34.0,68.0,8.0,-8.0,16.0,0.0,True,False,10024.0,-8.0,0.0,10024.0,-8.0,0.0,10022.0,-10.0,-2.0,10023.0,-9.0,-1.0
556900,Mark 14,Mark 38,VEV_4000,XIRECS,1219.0,3,1,sell,Mark 14,1219,1239,1229.0,20,31.0,31.0,62.0,-10.0,-10.0,0.0,-20.0,True,False,1228.5,-9.5,0.5,1228.5,-9.5,0.5,1228.0,-9.0,1.0,1228.5,-9.5,0.5
563600,Mark 14,Mark 38,HYDROGEL_PACK,XIRECS,9991.0,2,1,sell,Mark 14,9991,10007,9999.0,16,37.0,37.0,74.0,-8.0,-8.0,0.0,-16.0,True,False,10002.0,-11.0,-3.0,10002.0,-11.0,-3.0,10001.0,-10.0,-2.0,10004.0,-13.0,-5.0
566100,Mark 22,Mark 38,HYDROGEL_PACK,XIRECS,10011.0,4,1,sell,Mark 22,10011,10020,10015.5,9,50.0,41.0,91.0,-4.5,-4.5,0.0,-9.0,True,False,10012.0,-1.0,3.5,10012.0,-1.0,3.5,10013.0,-2.0,2.5,10013.0,-2.0,2.5
567700,Mark 38,Mark 14,VEV_4000,XIRECS,1246.0,1,1,buy,Mark 14,1225,1246,1235.5,21,26.0,26.0,52.0,10.5,-10.5,21.0,0.0,True,False,1235.0,-11.0,-0.5,1235.0,-11.0,-0.5,1234.5,-11.5,-1.0,1234.5,-11.5,-1.0
568700,Mark 14,Mark 38,HYDROGEL_PACK,XIRECS,10000.0,5,1,sell,Mark 14,10000,10016,10008.0,16,35.0,35.0,70.0,-8.0,-8.0,0.0,-16.0,True,False,10007.5,-7.5,0.5,10007.5,-7.5,0.5,10005.0,-5.0,3.0,10003.0,-3.0,5.0
568800,Mark 38,Mark 14,VEV_4000,XIRECS,1250.0,2,1,buy,Mark 14,1229,1250,1239.5,21,31.0,31.0,62.0,10.5,-10.5,21.0,0.0,True,False,1235.0,-15.0,-4.5,1235.0,-15.0,-4.5,1238.5,-11.5,-1.0,1238.5,-11.5,-1.0
569900,Mark 14,Mark 38,VEV_4000,XIRECS,1227.0,1,1,sell,Mark 14,1227,1248,1237.5,21,31.0,31.0,62.0,-10.5,-10.5,0.0,-21.0,True,False,1236.5,-9.5,1.0,1236.5,-9.5,1.0,1236.5,-9.5,1.0,1234.5,-7.5,3.0
576700,Mark 38,Mark 14,VEV_4000,XIRECS,1245.0,2,1,buy,Mark 14,1224,1245,1234.5,21,27.0,27.0,54.0,10.5,-10.5,21.0,0.0,True,False,1234.0,-11.0,-0.5,1234.0,-11.0,-0.5,1234.5,-10.5,0.0,1236.0,-9.0,1.5
578600,Mark 38,Mark 14,HYDROGEL_PACK,XIRECS,10014.0,3,1,buy,Mark 14,9998,10014,10006.0,16,38.0,38.0,76.0,8.0,-8.0,16.0,0.0,True,False,10003.0,-11.0,-3.0,10003.0,-11.0,-3.0,10006.0,-8.0,0.0,10003.0,-11.0,-3.0
578800,Mark 14,Mark 38,HYDROGEL_PACK,XIRECS,9998.0,6,1,sell,Mark 14,9998,10014,10006.0,16,40.0,40.0,80.0,-8.0,-8.0,0.0,-16.0,True,False,10005.0,-7.0,1.0,10005.0,-7.0,1.0,9999.0,-1.0,7.0,10005.0,-7.0,1.0
580600,Mark 14,Mark 38,HYDROGEL_PACK,XIRECS,10001.0,4,1,sell,Mark 14,10001,10017,10009.0,16,39.0,39.0,78.0,-8.0,-8.0,0.0,-16.0,True,False,10009.0,-8.0,0.0,10009.0,-8.0,0.0,10008.0,-7.0,1.0,10005.0,-4.0,4.0
589100,Mark 14,Mark 38,VEV_4000,XIRECS,1234.0,3,1,sell,Mark 14,1234,1255,1244.5,21,35.0,35.0,70.0,-10.5,-10.5,0.0,-21.0,True,False,1245.5,-11.5,-1.0,1245.5,-11.5,-1.0,1245.5,-11.5,-1.0,1243.5,-9.5,1.0
590100,Mark 14,Mark 38,HYDROGEL_PACK,XIRECS,9989.0,2,1,sell,Mark 14,9989,10005,9997.0,16,38.0,38.0,76.0,-8.0,-8.0,0.0,-16.0,True,False,9999.0,-10.0,-2.0,9999.0,-10.0,-2.0,9998.0,-9.0,-1.0,9999.0,-10.0,-2.0
596300,Mark 38,Mark 14,HYDROGEL_PACK,XIRECS,10027.0,2,1,buy,Mark 14,10011,10027,10019.0,16,41.0,41.0,82.0,8.0,-8.0,16.0,0.0,True,False,10022.0,-5.0,3.0,10022.0,-5.0,3.0,10023.0,-4.0,4.0,10026.0,-1.0,7.0
599600,Mark 14,Mark 38,VEV_4000,XIRECS,1226.0,1,1,sell,Mark 14,1226,1247,1236.5,21,25.0,25.0,50.0,-10.5,-10.5,0.0,-21.0,True,False,1236.0,-10.0,0.5,1236.0,-10.0,0.5,1235.0,-9.0,1.5,1233.0,-7.0,3.5
600100,Mark 14,Mark 38,VEV_4000,XIRECS,1223.0,2,1,sell,Mark 14,1223,1243,1233.0,20,39.0,39.0,78.0,-10.0,-10.0,0.0,-20.0,True,False,1232.5,-9.5,0.5,1232.5,-9.5,0.5,1231.5,-8.5,1.5,1232.0,-9.0,1.0
600400,Mark 38,Mark 14,HYDROGEL_PACK,XIRECS,10035.0,4,1,buy,Mark 14,10019,10035,10027.0,16,31.0,31.0,62.0,8.0,-8.0,16.0,0.0,True,False,10027.0,-8.0,0.0,10027.0,-8.0,0.0,10025.0,-10.0,-2.0,10025.0,-10.0,-2.0
601200,Mark 14,Mark 38,VEV_4000,XIRECS,1223.0,1,1,sell,Mark 14,1223,1244,1233.5,21,29.0,29.0,58.0,-10.5,-10.5,0.0,-21.0,True,False,1233.5,-10.5,0.0,1233.5,-10.5,0.0,1232.0,-9.0,1.5,1231.5,-8.5,2.0
601700,Mark 14,Mark 38,HYDROGEL_PACK,XIRECS,10013.0,2,1,sell,Mark 14,10013,10029,10021.0,16,44.0,44.0,88.0,-8.0,-8.0,0.0,-16.0,True,False,10023.0,-10.0,-2.0,10023.0,-10.0,-2.0,10022.0,-9.0,-1.0,10024.0,-11.0,-3.0
604700,Mark 14,Mark 38,HYDROGEL_PACK,XIRECS,10017.0,5,1,sell,Mark 14,10017,10034,10025.5,17,40.0,40.0,80.0,-8.5,-8.5,0.0,-17.0,True,False,10028.0,-11.0,-2.5,10028.0,-11.0,-2.5,10025.0,-8.0,0.5,10024.5,-7.5,1.0
606400,Mark 14,Mark 38,HYDROGEL_PACK,XIRECS,10020.0,5,1,sell,Mark 14,10020,10036,10028.0,16,35.0,35.0,70.0,-8.0,-8.0,0.0,-16.0,True,False,10030.0,-10.0,-2.0,10030.0,-10.0,-2.0,10028.0,-8.0,0.0,10030.0,-10.0,-2.0
608100,Mark 38,Mark 14,VEV_4000,XIRECS,1230.0,2,1,buy,Mark 14,1209,1230,1219.5,21,27.0,27.0,54.0,10.5,-10.5,21.0,0.0,True,False,1220.0,-10.0,0.5,1220.0,-10.0,0.5,1220.0,-10.0,0.5,1218.0,-12.0,-1.5
614100,Mark 14,Mark 38,HYDROGEL_PACK,XIRECS,9998.0,4,1,sell,Mark 14,9998,10014,10006.0,16,38.0,38.0,76.0,-8.0,-8.0,0.0,-16.0,True,False,10006.0,-8.0,0.0,10006.0,-8.0,0.0,10001.0,-3.0,5.0,10002.0,-4.0,4.0
621700,Mark 38,Mark 14,VEV_4000,XIRECS,1245.0,3,1,buy,Mark 14,1224,1245,1234.5,21,26.0,26.0,52.0,10.5,-10.5,21.0,0.0,True,False,1234.5,-10.5,0.0,1234.5,-10.5,0.0,1233.5,-11.5,-1.0,1234.5,-10.5,0.0
621800,Mark 14,Mark 38,HYDROGEL_PACK,XIRECS,9993.0,2,1,sell,Mark 14,9993,10009,10001.0,16,43.0,43.0,86.0,-8.0,-8.0,0.0,-16.0,True,False,10003.0,-10.0,-2.0,10003.0,-10.0,-2.0,10003.0,-10.0,-2.0,10001.0,-8.0,0.0
622800,Mark 14,Mark 38,VEV_4000,XIRECS,1227.0,1,1,sell,Mark 14,1227,1248,1237.5,21,37.0,37.0,74.0,-10.5,-10.5,0.0,-21.0,True,False,1237.5,-10.5,0.0,1237.5,-10.5,0.0,1236.5,-9.5,1.0,1237.5,-10.5,0.0
625100,Mark 14,Mark 38,HYDROGEL_PACK,XIRECS,10004.0,2,1,sell,Mark 14,10004,10020,10012.0,16,37.0,37.0,74.0,-8.0,-8.0,0.0,-16.0,True,False,10011.0,-7.0,1.0,10011.0,-7.0,1.0,10011.0,-7.0,1.0,10015.0,-11.0,-3.0
630400,Mark 38,Mark 14,HYDROGEL_PACK,XIRECS,10019.0,5,1,buy,Mark 14,10003,10019,10011.0,16,36.0,36.0,72.0,8.0,-8.0,16.0,0.0,True,False,10012.0,-7.0,1.0,10012.0,-7.0,1.0,10011.0,-8.0,0.0,10014.5,-4.5,3.5
631500,Mark 38,Mark 14,VEV_4000,XIRECS,1230.0,3,1,buy,Mark 14,1210,1230,1220.0,20,31.0,31.0,62.0,10.0,-10.0,20.0,0.0,True,False,1220.5,-9.5,0.5,1220.5,-9.5,0.5,1215.0,-15.0,-5.0,1220.5,-9.5,0.5
634900,Mark 14,Mark 38,HYDROGEL_PACK,XIRECS,10010.0,2,1,sell,Mark 14,10010,10026,10018.0,16,36.0,36.0,72.0,-8.0,-8.0,0.0,-16.0,True,False,10019.0,-9.0,-1.0,10019.0,-9.0,-1.0,10021.0,-11.0,-3.0,10027.0,-17.0,-9.0
635700,Mark 38,Mark 14,HYDROGEL_PACK,XIRECS,10034.0,3,1,buy,Mark 14,10018,10034,10026.0,16,38.0,38.0,76.0,8.0,-8.0,16.0,0.0,True,False,10027.0,-7.0,1.0,10027.0,-7.0,1.0,10024.0,-10.0,-2.0,10027.0,-7.0,1.0
637500,Mark 14,Mark 38,HYDROGEL_PACK,XIRECS,10018.0,4,1,sell,Mark 14,10018,10034,10026.0,16,40.0,40.0,80.0,-8.0,-8.0,0.0,-16.0,True,False,10028.0,-10.0,-2.0,10028.0,-10.0,-2.0,10026.0,-8.0,0.0,10029.0,-11.0,-3.0
640300,Mark 22,Mark 38,HYDROGEL_PACK,XIRECS,10029.0,3,1,sell,Mark 22,10029,10037,10033.0,8,42.0,36.0,78.0,-4.0,-4.0,0.0,-8.0,True,False,10031.0,-2.0,2.0,10031.0,-2.0,2.0,10032.0,-3.0,1.0,10034.0,-5.0,-1.0
640700,Mark 38,Mark 14,HYDROGEL_PACK,XIRECS,10042.0,4,1,buy,Mark 14,10026,10042,10034.0,16,36.0,36.0,72.0,8.0,-8.0,16.0,0.0,True,False,10034.0,-8.0,0.0,10034.0,-8.0,0.0,10034.0,-8.0,0.0,10032.0,-10.0,-2.0
645000,Mark 38,Mark 14,VEV_4000,XIRECS,1218.0,3,1,buy,Mark 14,1198,1218,1208.0,20,33.0,33.0,66.0,10.0,-10.0,20.0,0.0,True,False,1208.0,-10.0,0.0,1208.0,-10.0,0.0,1209.0,-9.0,1.0,1209.0,-9.0,1.0
647000,Mark 38,Mark 14,HYDROGEL_PACK,XIRECS,10003.0,3,1,buy,Mark 14,9987,10003,9995.0,16,45.0,45.0,90.0,8.0,-8.0,16.0,0.0,True,False,9996.0,-7.0,1.0,9996.0,-7.0,1.0,9997.0,-6.0,2.0,9999.0,-4.0,4.0
647200,Mark 14,Mark 38,VEV_4000,XIRECS,1196.0,3,1,sell,Mark 14,1196,1216,1206.0,20,40.0,40.0,80.0,-10.0,-10.0,0.0,-20.0,True,False,1206.0,-10.0,0.0,1206.0,-10.0,0.0,1205.0,-9.0,1.0,1206.0,-10.0,0.0
647400,Mark 14,Mark 38,HYDROGEL_PACK,XIRECS,9993.0,2,1,sell,Mark 14,9993,10009,10001.0,16,35.0,35.0,70.0,-8.0,-8.0,0.0,-16.0,True,False,9999.0,-6.0,2.0,9999.0,-6.0,2.0,9999.0,-6.0,2.0,9997.0,-4.0,4.0
647600,Mark 14,Mark 38,HYDROGEL_PACK,XIRECS,9991.0,4,1,sell,Mark 14,9991,10007,9999.0,16,40.0,40.0,80.0,-8.0,-8.0,0.0,-16.0,True,False,9997.0,-6.0,2.0,9997.0,-6.0,2.0,9997.0,-6.0,2.0,9995.0,-4.0,4.0
647900,Mark 14,Mark 38,HYDROGEL_PACK,XIRECS,9989.0,6,1,sell,Mark 14,9989,10005,9997.0,16,43.0,43.0,86.0,-8.0,-8.0,0.0,-16.0,True,False,9997.0,-8.0,0.0,9997.0,-8.0,0.0,9995.0,-6.0,2.0,9993.0,-4.0,4.0
648400,Mark 38,Mark 14,HYDROGEL_PACK,XIRECS,10001.0,2,1,buy,Mark 14,9985,10001,9993.0,16,39.0,39.0,78.0,8.0,-8.0,16.0,0.0,True,False,9993.0,-8.0,0.0,9993.0,-8.0,0.0,9995.0,-6.0,2.0,9993.0,-8.0,0.0
652800,Mark 14,Mark 38,HYDROGEL_PACK,XIRECS,9979.0,2,1,sell,Mark 14,9979,9995,9987.0,16,40.0,40.0,80.0,-8.0,-8.0,0.0,-16.0,True,False,9986.0,-7.0,1.0,9986.0,-7.0,1.0,9986.0,-7.0,1.0,9982.0,-3.0,5.0
653200,Mark 14,Mark 38,HYDROGEL_PACK,XIRECS,9975.0,6,1,sell,Mark 14,9975,9991,9983.0,16,35.0,35.0,70.0,-8.0,-8.0,0.0,-16.0,True,False,9982.0,-7.0,1.0,9982.0,-7.0,1.0,9982.0,-7.0,1.0,9979.0,-4.0,4.0
653300,Mark 14,Mark 38,HYDROGEL_PACK,XIRECS,9974.0,5,1,sell,Mark 14,9974,9990,9982.0,16,30.0,30.0,60.0,-8.0,-8.0,0.0,-16.0,True,False,9982.0,-8.0,0.0,9982.0,-8.0,0.0,9981.0,-7.0,1.0,9978.0,-4.0,4.0
661300,Mark 38,Mark 14,HYDROGEL_PACK,XIRECS,10011.0,6,1,buy,Mark 14,9995,10011,10003.0,16,44.0,44.0,88.0,8.0,-8.0,16.0,0.0,True,False,10003.0,-8.0,0.0,10003.0,-8.0,0.0,10005.0,-6.0,2.0,9998.0,-13.0,-5.0
666100,Mark 38,Mark 14,HYDROGEL_PACK,XIRECS,10028.0,3,1,buy,Mark 14,10012,10028,10020.0,16,35.0,35.0,70.0,8.0,-8.0,16.0,0.0,True,False,10020.0,-8.0,0.0,10020.0,-8.0,0.0,10019.0,-9.0,-1.0,10015.0,-13.0,-5.0
669200,Mark 38,Mark 14,HYDROGEL_PACK,XIRECS,10027.0,4,1,buy,Mark 14,10011,10027,10019.0,16,38.0,38.0,76.0,8.0,-8.0,16.0,0.0,True,False,10017.0,-10.0,-2.0,10017.0,-10.0,-2.0,10016.0,-11.0,-3.0,10016.0,-11.0,-3.0
671200,Mark 14,Mark 38,VEV_4000,XIRECS,1209.0,3,1,sell,Mark 14,1209,1229,1219.0,20,39.0,39.0,78.0,-10.0,-10.0,0.0,-20.0,True,False,1219.5,-10.5,-0.5,1219.5,-10.5,-0.5,1220.5,-11.5,-1.5,1219.5,-10.5,-0.5
673800,Mark 14,Mark 38,HYDROGEL_PACK,XIRECS,10000.0,4,1,sell,Mark 14,10000,10016,10008.0,16,33.0,33.0,66.0,-8.0,-8.0,0.0,-16.0,True,False,10002.0,-2.0,6.0,10002.0,-2.0,6.0,10004.0,-4.0,4.0,10009.0,-9.0,-1.0
675700,Mark 14,Mark 38,VEV_4000,XIRECS,1218.0,1,1,sell,Mark 14,1218,1238,1228.0,20,27.0,27.0,54.0,-10.0,-10.0,0.0,-20.0,True,False,1228.5,-10.5,-0.5,1228.5,-10.5,-0.5,1228.0,-10.0,0.0,1230.0,-12.0,-2.0
680600,Mark 14,Mark 38,VEV_4000,XIRECS,1212.0,3,1,sell,Mark 14,1212,1232,1222.0,20,40.0,40.0,80.0,-10.0,-10.0,0.0,-20.0,True,False,1221.5,-9.5,0.5,1221.5,-9.5,0.5,1222.0,-10.0,0.0,1221.5,-9.5,0.5
680800,Mark 14,Mark 38,HYDROGEL_PACK,XIRECS,9994.0,2,1,sell,Mark 14,9994,10010,10002.0,16,42.0,42.0,84.0,-8.0,-8.0,0.0,-16.0,True,False,10001.0,-7.0,1.0,10001.0,-7.0,1.0,9999.0,-5.0,3.0,9993.0,1.0,9.0
681500,Mark 38,Mark 14,HYDROGEL_PACK,XIRECS,10005.0,5,1,buy,Mark 14,9989,10005,9997.0,16,32.0,32.0,64.0,8.0,-8.0,16.0,0.0,True,False,10000.0,-5.0,3.0,10000.0,-5.0,3.0,9999.0,-6.0,2.0,10000.0,-5.0,3.0
682600,Mark 14,Mark 38,VEV_4000,XIRECS,1214.0,1,1,sell,Mark 14,1214,1235,1224.5,21,40.0,40.0,80.0,-10.5,-10.5,0.0,-21.0,True,False,1225.0,-11.0,-0.5,1225.0,-11.0,-0.5,1224.5,-10.5,0.0,1224.5,-10.5,0.0
684500,Mark 14,Mark 38,HYDROGEL_PACK,XIRECS,9989.0,2,1,sell,Mark 14,9989,10005,9997.0,16,35.0,35.0,70.0,-8.0,-8.0,0.0,-16.0,True,False,9997.0,-8.0,0.0,9997.0,-8.0,0.0,9999.0,-10.0,-2.0,10004.0,-15.0,-7.0
688900,Mark 14,Mark 38,VEV_4000,XIRECS,1226.0,2,1,sell,Mark 14,1226,1247,1236.5,21,35.0,35.0,70.0,-10.5,-10.5,0.0,-21.0,True,False,1236.5,-10.5,0.0,1236.5,-10.5,0.0,1234.5,-8.5,2.0,1234.5,-8.5,2.0
690500,Mark 38,Mark 14,HYDROGEL_PACK,XIRECS,10013.0,5,1,buy,Mark 14,9997,10013,10005.0,16,38.0,38.0,76.0,8.0,-8.0,16.0,0.0,True,False,10008.5,-4.5,3.5,10008.5,-4.5,3.5,10000.5,-12.5,-4.5,10005.0,-8.0,0.0
694900,Mark 14,Mark 38,HYDROGEL_PACK,XIRECS,10011.0,3,1,sell,Mark 14,10011,10027,10019.0,16,31.0,31.0,62.0,-8.0,-8.0,0.0,-16.0,True,False,10020.0,-9.0,-1.0,10020.0,-9.0,-1.0,10018.0,-7.0,1.0,10018.0,-7.0,1.0
695200,Mark 14,Mark 38,HYDROGEL_PACK,XIRECS,10010.0,6,1,sell,Mark 14,10010,10026,10018.0,16,34.0,34.0,68.0,-8.0,-8.0,0.0,-16.0,True,False,10020.0,-10.0,-2.0,10020.0,-10.0,-2.0,10018.0,-8.0,0.0,10023.0,-13.0,-5.0
695900,Mark 38,Mark 14,HYDROGEL_PACK,XIRECS,10034.0,6,1,buy,Mark 14,10018,10034,10026.0,16,34.0,34.0,68.0,8.0,-8.0,16.0,0.0,True,False,10023.0,-11.0,-3.0,10023.0,-11.0,-3.0,10023.0,-11.0,-3.0,10026.0,-8.0,0.0
696000,Mark 14,Mark 38,VEV_4000,XIRECS,1227.0,3,1,sell,Mark 14,1227,1248,1237.5,21,30.0,30.0,60.0,-10.5,-10.5,0.0,-21.0,True,False,1238.0,-11.0,-0.5,1238.0,-11.0,-0.5,1238.5,-11.5,-1.0,1238.5,-11.5,-1.0
698300,Mark 38,Mark 14,HYDROGEL_PACK,XIRECS,10048.0,5,1,buy,Mark 14,10032,10048,10040.0,16,34.0,34.0,68.0,8.0,-8.0,16.0,0.0,True,False,10034.0,-14.0,-6.0,10034.0,-14.0,-6.0,10037.0,-11.0,-3.0,10036.0,-12.0,-4.0
699100,Mark 14,Mark 38,HYDROGEL_PACK,XIRECS,10035.0,5,1,sell,Mark 14,10035,10051,10043.0,16,40.0,40.0,80.0,-8.0,-8.0,0.0,-16.0,True,False,10047.0,-12.0,-4.0,10047.0,-12.0,-4.0,10046.0,-11.0,-3.0,10044.0,-9.0,-1.0
700400,Mark 38,Mark 14,HYDROGEL_PACK,XIRECS,10052.0,5,1,buy,Mark 14,10036,10052,10044.0,16,39.0,39.0,78.0,8.0,-8.0,16.0,0.0,True,False,10044.0,-8.0,0.0,10044.0,-8.0,0.0,10042.0,-10.0,-2.0,10040.0,-12.0,-4.0
701200,Mark 38,Mark 14,HYDROGEL_PACK,XIRECS,10052.0,5,1,buy,Mark 14,10036,10052,10044.0,16,44.0,44.0,88.0,8.0,-8.0,16.0,0.0,True,False,10047.0,-5.0,3.0,10047.0,-5.0,3.0,10045.0,-7.0,1.0,10043.0,-9.0,-1.0
701500,Mark 38,Mark 14,HYDROGEL_PACK,XIRECS,10054.0,3,1,buy,Mark 14,10038,10054,10046.0,16,31.0,31.0,62.0,8.0,-8.0,16.0,0.0,True,False,10046.0,-8.0,0.0,10046.0,-8.0,0.0,10043.0,-11.0,-3.0,10037.0,-17.0,-9.0
703000,Mark 14,Mark 38,HYDROGEL_PACK,XIRECS,10027.0,3,1,sell,Mark 14,10027,10043,10035.0,16,44.0,44.0,88.0,-8.0,-8.0,0.0,-16.0,True,False,10035.0,-8.0,0.0,10035.0,-8.0,0.0,10043.0,-16.0,-8.0,10041.0,-14.0,-6.0
707100,Mark 38,Mark 14,HYDROGEL_PACK,XIRECS,10056.0,3,1,buy,Mark 14,10040,10056,10048.0,16,42.0,42.0,84.0,8.0,-8.0,16.0,0.0,True,False,10048.0,-8.0,0.0,10048.0,-8.0,0.0,10048.0,-8.0,0.0,10052.0,-4.0,4.0
716700,Mark 38,Mark 14,HYDROGEL_PACK,XIRECS,10059.0,3,1,buy,Mark 14,10043,10059,10051.0,16,40.0,40.0,80.0,8.0,-8.0,16.0,0.0,True,False,10052.0,-7.0,1.0,10052.0,-7.0,1.0,10050.0,-9.0,-1.0,10054.0,-5.0,3.0
719600,Mark 14,Mark 38,VEV_4000,XIRECS,1254.0,2,1,sell,Mark 14,1254,1275,1264.5,21,36.0,36.0,72.0,-10.5,-10.5,0.0,-21.0,True,False,1266.5,-12.5,-2.0,1266.5,-12.5,-2.0,1267.5,-13.5,-3.0,1265.5,-11.5,-1.0
721900,Mark 14,Mark 38,VEV_4000,XIRECS,1253.0,3,1,sell,Mark 14,1253,1275,1264.0,22,27.0,27.0,54.0,-11.0,-11.0,0.0,-22.0,True,False,1262.5,-9.5,1.5,1262.5,-9.5,1.5,1262.0,-9.0,2.0,1263.0,-10.0,1.0
724400,Mark 14,Mark 38,HYDROGEL_PACK,XIRECS,10065.0,5,1,sell,Mark 14,10065,10081,10073.0,16,37.0,37.0,74.0,-8.0,-8.0,0.0,-16.0,True,False,10072.0,-7.0,1.0,10072.0,-7.0,1.0,10072.0,-7.0,1.0,10074.0,-9.0,-1.0
725800,Mark 14,Mark 38,HYDROGEL_PACK,XIRECS,10068.0,6,1,sell,Mark 14,10068,10085,10076.5,17,39.0,39.0,78.0,-8.5,-8.5,0.0,-17.0,True,False,10073.5,-5.5,3.0,10073.5,-5.5,3.0,10072.5,-4.5,4.0,10068.0,0.0,8.5
726700,Mark 38,Mark 14,HYDROGEL_PACK,XIRECS,10075.0,3,1,buy,Mark 14,10059,10075,10067.0,16,44.0,44.0,88.0,8.0,-8.0,16.0,0.0,True,False,10069.0,-6.0,2.0,10069.0,-6.0,2.0,10070.0,-5.0,3.0,10069.0,-6.0,2.0
727900,Mark 38,Mark 14,HYDROGEL_PACK,XIRECS,10075.0,4,1,buy,Mark 14,10058,10075,10066.5,17,37.0,37.0,74.0,8.5,-8.5,17.0,0.0,True,False,10070.5,-4.5,4.0,10070.5,-4.5,4.0,10066.0,-9.0,-0.5,10068.0,-7.0,1.5
729700,Mark 38,Mark 14,HYDROGEL_PACK,XIRECS,10072.0,3,1,buy,Mark 14,10056,10072,10064.0,16,37.0,37.0,74.0,8.0,-8.0,16.0,0.0,True,False,10067.0,-5.0,3.0,10067.0,-5.0,3.0,10066.0,-6.0,2.0,10068.0,-4.0,4.0
730800,Mark 14,Mark 38,HYDROGEL_PACK,XIRECS,10057.0,6,1,sell,Mark 14,10057,10073,10065.0,16,35.0,35.0,70.0,-8.0,-8.0,0.0,-16.0,True,False,10065.0,-8.0,0.0,10065.0,-8.0,0.0,10066.0,-9.0,-1.0,10058.0,-1.0,7.0
731000,Mark 38,Mark 14,HYDROGEL_PACK,XIRECS,10074.0,4,1,buy,Mark 14,10058,10074,10066.0,16,39.0,39.0,78.0,8.0,-8.0,16.0,0.0,True,False,10064.0,-10.0,-2.0,10064.0,-10.0,-2.0,10061.0,-13.0,-5.0,10055.0,-19.0,-11.0
732700,Mark 14,Mark 38,HYDROGEL_PACK,XIRECS,10035.0,2,1,sell,Mark 14,10035,10051,10043.0,16,41.0,41.0,82.0,-8.0,-8.0,0.0,-16.0,True,False,10043.0,-8.0,0.0,10043.0,-8.0,0.0,10041.5,-6.5,1.5,10035.0,0.0,8.0
738100,Mark 38,Mark 14,VEV_4000,XIRECS,1282.0,2,1,buy,Mark 14,1261,1282,1271.5,21,32.0,32.0,64.0,10.5,-10.5,21.0,0.0,True,False,1271.5,-10.5,0.0,1271.5,-10.5,0.0,1271.0,-11.0,-0.5,1270.5,-11.5,-1.0
741200,Mark 38,Mark 14,HYDROGEL_PACK,XIRECS,10052.0,2,1,buy,Mark 14,10036,10052,10044.0,16,41.0,41.0,82.0,8.0,-8.0,16.0,0.0,True,False,10043.0,-9.0,-1.0,10043.0,-9.0,-1.0,10046.0,-6.0,2.0,10044.0,-8.0,0.0
742700,Mark 38,Mark 14,HYDROGEL_PACK,XIRECS,10052.0,2,1,buy,Mark 14,10036,10052,10044.0,16,36.0,36.0,72.0,8.0,-8.0,16.0,0.0,True,False,10045.0,-7.0,1.0,10045.0,-7.0,1.0,10045.0,-7.0,1.0,10046.5,-5.5,2.5
743600,Mark 14,Mark 38,VEV_4000,XIRECS,1259.0,3,1,sell,Mark 14,1259,1280,1269.5,21,34.0,34.0,68.0,-10.5,-10.5,0.0,-21.0,True,False,1268.5,-9.5,1.0,1268.5,-9.5,1.0,1268.5,-9.5,1.0,1271.5,-12.5,-2.0
743800,Mark 38,Mark 14,VEV_4000,XIRECS,1279.0,3,1,buy,Mark 14,1258,1279,1268.5,21,36.0,36.0,72.0,10.5,-10.5,21.0,0.0,True,False,1269.5,-9.5,1.0,1269.5,-9.5,1.0,1271.5,-7.5,3.0,1274.0,-5.0,5.5
745000,Mark 14,Mark 38,HYDROGEL_PACK,XIRECS,10036.0,6,1,sell,Mark 14,10036,10052,10044.0,16,38.0,38.0,76.0,-8.0,-8.0,0.0,-16.0,True,False,10045.0,-9.0,-1.0,10045.0,-9.0,-1.0,10046.0,-10.0,-2.0,10050.0,-14.0,-6.0
747400,Mark 14,Mark 38,VEV_4000,XIRECS,1264.0,3,1,sell,Mark 14,1264,1285,1274.5,21,32.0,32.0,64.0,-10.5,-10.5,0.0,-21.0,True,False,1273.5,-9.5,1.0,1273.5,-9.5,1.0,1272.5,-8.5,2.0,1270.5,-6.5,4.0
747700,Mark 14,Mark 38,VEV_4000,XIRECS,1261.0,3,1,sell,Mark 14,1261,1282,1271.5,21,44.0,44.0,88.0,-10.5,-10.5,0.0,-21.0,True,False,1271.0,-10.0,0.5,1271.0,-10.0,0.5,1270.5,-9.5,1.0,1272.0,-11.0,-0.5
749800,Mark 14,Mark 38,HYDROGEL_PACK,XIRECS,10044.0,2,1,sell,Mark 14,10044,10060,10052.0,16,45.0,45.0,90.0,-8.0,-8.0,0.0,-16.0,True,False,10053.0,-9.0,-1.0,10053.0,-9.0,-1.0,10053.5,-9.5,-1.5,10050.0,-6.0,2.0
753400,Mark 14,Mark 38,VEV_4000,XIRECS,1253.0,3,1,sell,Mark 14,1253,1275,1264.0,22,28.0,28.0,56.0,-11.0,-11.0,0.0,-22.0,True,False,1264.5,-11.5,-0.5,1264.5,-11.5,-0.5,1262.5,-9.5,1.5,1260.5,-7.5,3.5
756300,Mark 38,Mark 14,VEV_4000,XIRECS,1276.0,2,1,buy,Mark 14,1255,1276,1265.5,21,37.0,37.0,74.0,10.5,-10.5,21.0,0.0,True,False,1266.5,-9.5,1.0,1266.5,-9.5,1.0,1264.5,-11.5,-1.0,1265.5,-10.5,0.0
756600,Mark 14,Mark 38,HYDROGEL_PACK,XIRECS,10062.0,6,1,sell,Mark 14,10062,10078,10070.0,16,34.0,34.0,68.0,-8.0,-8.0,0.0,-16.0,True,False,10072.0,-10.0,-2.0,10072.0,-10.0,-2.0,10072.0,-10.0,-2.0,10073.0,-11.0,-3.0
759100,Mark 38,Mark 14,HYDROGEL_PACK,XIRECS,10073.0,5,1,buy,Mark 14,10057,10073,10065.0,16,41.0,41.0,82.0,8.0,-8.0,16.0,0.0,True,False,10065.0,-8.0,0.0,10065.0,-8.0,0.0,10063.0,-10.0,-2.0,10056.0,-17.0,-9.0
760900,Mark 38,Mark 14,HYDROGEL_PACK,XIRECS,10055.0,2,1,buy,Mark 14,10039,10055,10047.0,16,42.0,42.0,84.0,8.0,-8.0,16.0,0.0,True,False,10051.0,-4.0,4.0,10051.0,-4.0,4.0,10050.0,-5.0,3.0,10051.0,-4.0,4.0
762700,Mark 14,Mark 38,VEV_4000,XIRECS,1261.0,2,1,sell,Mark 14,1261,1283,1272.0,22,26.0,26.0,52.0,-11.0,-11.0,0.0,-22.0,True,False,1271.5,-10.5,0.5,1271.5,-10.5,0.5,1272.0,-11.0,0.0,1271.5,-10.5,0.5
764300,Mark 14,Mark 38,VEV_4000,XIRECS,1258.0,2,1,sell,Mark 14,1258,1280,1269.0,22,25.0,25.0,50.0,-11.0,-11.0,0.0,-22.0,True,False,1268.5,-10.5,0.5,1268.5,-10.5,0.5,1268.5,-10.5,0.5,1268.5,-10.5,0.5
765800,Mark 14,Mark 38,HYDROGEL_PACK,XIRECS,10048.0,3,1,sell,Mark 14,10048,10064,10056.0,16,34.0,34.0,68.0,-8.0,-8.0,0.0,-16.0,True,False,10058.0,-10.0,-2.0,10058.0,-10.0,-2.0,10056.0,-8.0,0.0,10056.0,-8.0,0.0
767100,Mark 38,Mark 14,HYDROGEL_PACK,XIRECS,10063.0,4,1,buy,Mark 14,10047,10063,10055.0,16,38.0,38.0,76.0,8.0,-8.0,16.0,0.0,True,False,10057.0,-6.0,2.0,10057.0,-6.0,2.0,10054.5,-8.5,-0.5,10064.0,1.0,9.0
768100,Mark 14,Mark 38,HYDROGEL_PACK,XIRECS,10056.0,4,1,sell,Mark 14,10056,10072,10064.0,16,36.0,36.0,72.0,-8.0,-8.0,0.0,-16.0,True,False,10064.0,-8.0,0.0,10064.0,-8.0,0.0,10065.0,-9.0,-1.0,10061.0,-5.0,3.0
768200,Mark 14,Mark 38,HYDROGEL_PACK,XIRECS,10056.0,3,1,sell,Mark 14,10056,10072,10064.0,16,33.0,33.0,66.0,-8.0,-8.0,0.0,-16.0,True,False,10065.0,-9.0,-1.0,10065.0,-9.0,-1.0,10065.0,-9.0,-1.0,10062.5,-6.5,1.5
768800,Mark 38,Mark 14,HYDROGEL_PACK,XIRECS,10071.0,5,1,buy,Mark 14,10055,10071,10063.0,16,35.0,35.0,70.0,8.0,-8.0,16.0,0.0,True,False,10063.0,-8.0,0.0,10063.0,-8.0,0.0,10066.0,-5.0,3.0,10063.0,-8.0,0.0
772000,Mark 38,Mark 14,HYDROGEL_PACK,XIRECS,10082.0,6,1,buy,Mark 14,10066,10082,10074.0,16,39.0,39.0,78.0,8.0,-8.0,16.0,0.0,True,False,10071.0,-11.0,-3.0,10071.0,-11.0,-3.0,10074.0,-8.0,0.0,10075.5,-6.5,1.5
772000,Mark 38,Mark 14,VEV_4000,XIRECS,1273.0,3,1,buy,Mark 14,1252,1273,1262.5,21,31.0,31.0,62.0,10.5,-10.5,21.0,0.0,True,False,1262.5,-10.5,0.0,1262.5,-10.5,0.0,1263.5,-9.5,1.0,1262.5,-10.5,0.0
775100,Mark 14,Mark 38,HYDROGEL_PACK,XIRECS,10056.0,5,1,sell,Mark 14,10056,10072,10064.0,16,33.0,33.0,66.0,-8.0,-8.0,0.0,-16.0,True,False,10066.0,-10.0,-2.0,10066.0,-10.0,-2.0,10065.0,-9.0,-1.0,10065.0,-9.0,-1.0
775300,Mark 14,Mark 38,VEV_4000,XIRECS,1250.0,1,1,sell,Mark 14,1250,1271,1260.5,21,34.0,34.0,68.0,-10.5,-10.5,0.0,-21.0,True,False,1261.5,-11.5,-1.0,1261.5,-11.5,-1.0,1259.5,-9.5,1.0,1261.5,-11.5,-1.0
782100,Mark 38,Mark 14,HYDROGEL_PACK,XIRECS,10078.0,6,1,buy,Mark 14,10062,10078,10070.0,16,37.0,37.0,74.0,8.0,-8.0,16.0,0.0,True,False,10068.0,-10.0,-2.0,10068.0,-10.0,-2.0,10065.5,-12.5,-4.5,10065.0,-13.0,-5.0
782500,Mark 38,Mark 14,HYDROGEL_PACK,XIRECS,10072.0,6,1,buy,Mark 14,10056,10072,10064.0,16,44.0,44.0,88.0,8.0,-8.0,16.0,0.0,True,False,10065.0,-7.0,1.0,10065.0,-7.0,1.0,10066.5,-5.5,2.5,10064.5,-7.5,0.5
782700,Mark 38,Mark 14,HYDROGEL_PACK,XIRECS,10075.0,6,1,buy,Mark 14,10058,10075,10066.5,17,42.0,42.0,84.0,8.5,-8.5,17.0,0.0,True,False,10066.0,-9.0,-0.5,10066.0,-9.0,-0.5,10068.0,-7.0,1.5,10070.0,-5.0,3.5
783300,Mark 14,Mark 38,VEV_4000,XIRECS,1249.0,3,1,sell,Mark 14,1249,1270,1259.5,21,33.0,33.0,66.0,-10.5,-10.5,0.0,-21.0,True,False,1260.0,-11.0,-0.5,1260.0,-11.0,-0.5,1258.5,-9.5,1.0,1261.5,-12.5,-2.0
784400,Mark 38,Mark 14,HYDROGEL_PACK,XIRECS,10072.0,6,1,buy,Mark 14,10056,10072,10064.0,16,39.0,39.0,78.0,8.0,-8.0,16.0,0.0,True,False,10064.0,-8.0,0.0,10064.0,-8.0,0.0,10067.0,-5.0,3.0,10070.0,-2.0,6.0
785200,Mark 14,Mark 38,HYDROGEL_PACK,XIRECS,10056.0,3,1,sell,Mark 14,10056,10072,10064.0,16,37.0,37.0,74.0,-8.0,-8.0,0.0,-16.0,True,False,10068.0,-12.0,-4.0,10068.0,-12.0,-4.0,10068.0,-12.0,-4.0,10065.0,-9.0,-1.0
785800,Mark 14,Mark 38,HYDROGEL_PACK,XIRECS,10056.0,3,1,sell,Mark 14,10056,10072,10064.0,16,40.0,40.0,80.0,-8.0,-8.0,0.0,-16.0,True,False,10065.0,-9.0,-1.0,10065.0,-9.0,-1.0,10067.0,-11.0,-3.0,10064.0,-8.0,0.0
786700,Mark 14,Mark 38,HYDROGEL_PACK,XIRECS,10054.0,4,1,sell,Mark 14,10054,10070,10062.0,16,38.0,38.0,76.0,-8.0,-8.0,0.0,-16.0,True,False,10060.5,-6.5,1.5,10060.5,-6.5,1.5,10061.0,-7.0,1.0,10057.0,-3.0,5.0
786900,Mark 14,Mark 38,VEV_4000,XIRECS,1250.0,1,1,sell,Mark 14,1250,1271,1260.5,21,27.0,27.0,54.0,-10.5,-10.5,0.0,-21.0,True,False,1258.5,-8.5,2.0,1258.5,-8.5,2.0,1258.5,-8.5,2.0,1257.5,-7.5,3.0
789200,Mark 14,Mark 38,VEV_4000,XIRECS,1250.0,3,1,sell,Mark 14,1250,1272,1261.0,22,31.0,31.0,62.0,-11.0,-11.0,0.0,-22.0,True,False,1262.5,-12.5,-1.5,1262.5,-12.5,-1.5,1261.5,-11.5,-0.5,1263.5,-13.5,-2.5
790700,Mark 38,Mark 14,HYDROGEL_PACK,XIRECS,10063.0,2,1,buy,Mark 14,10047,10063,10055.0,16,37.0,37.0,74.0,8.0,-8.0,16.0,0.0,True,False,10059.0,-4.0,4.0,10059.0,-4.0,4.0,10057.0,-6.0,2.0,10059.0,-4.0,4.0
792200,Mark 38,Mark 14,HYDROGEL_PACK,XIRECS,10052.0,4,1,buy,Mark 14,10036,10052,10044.0,16,37.0,37.0,74.0,8.0,-8.0,16.0,0.0,True,False,10042.0,-10.0,-2.0,10042.0,-10.0,-2.0,10045.5,-6.5,1.5,10042.0,-10.0,-2.0
797600,Mark 14,Mark 38,HYDROGEL_PACK,XIRECS,10024.0,4,1,sell,Mark 14,10024,10040,10032.0,16,38.0,38.0,76.0,-8.0,-8.0,0.0,-16.0,True,False,10036.0,-12.0,-4.0,10036.0,-12.0,-4.0,10035.0,-11.0,-3.0,10034.0,-10.0,-2.0
799500,Mark 38,Mark 14,HYDROGEL_PACK,XIRECS,10029.0,3,1,buy,Mark 14,10013,10029,10021.0,16,41.0,41.0,82.0,8.0,-8.0,16.0,0.0,True,False,10020.0,-9.0,-1.0,10020.0,-9.0,-1.0,10019.0,-10.0,-2.0,10015.5,-13.5,-5.5
800100,Mark 14,Mark 38,HYDROGEL_PACK,XIRECS,10012.0,5,1,sell,Mark 14,10012,10028,10020.0,16,35.0,35.0,70.0,-8.0,-8.0,0.0,-16.0,True,False,10015.0,-3.0,5.0,10015.0,-3.0,5.0,10013.0,-1.0,7.0,10016.0,-4.0,4.0
800600,Mark 38,Mark 14,HYDROGEL_PACK,XIRECS,10024.0,5,1,buy,Mark 14,10008,10024,10016.0,16,37.0,37.0,74.0,8.0,-8.0,16.0,0.0,True,False,10013.0,-11.0,-3.0,10013.0,-11.0,-3.0,10006.5,-17.5,-9.5,10008.0,-16.0,-8.0
801000,Mark 38,Mark 14,VEV_4000,XIRECS,1259.0,2,1,buy,Mark 14,1238,1259,1248.5,21,38.0,38.0,76.0,10.5,-10.5,21.0,0.0,True,False,1247.5,-11.5,-1.0,1247.5,-11.5,-1.0,1248.5,-10.5,0.0,1249.5,-9.5,1.0
803000,Mark 38,Mark 14,HYDROGEL_PACK,XIRECS,10019.0,2,1,buy,Mark 14,10003,10019,10011.0,16,41.0,41.0,82.0,8.0,-8.0,16.0,0.0,True,False,10010.0,-9.0,-1.0,10010.0,-9.0,-1.0,10011.0,-8.0,0.0,10012.0,-7.0,1.0
804900,Mark 14,Mark 38,VEV_4000,XIRECS,1230.0,1,1,sell,Mark 14,1230,1250,1240.0,20,38.0,38.0,76.0,-10.0,-10.0,0.0,-20.0,True,False,1239.5,-9.5,0.5,1239.5,-9.5,0.5,1239.0,-9.0,1.0,1241.5,-11.5,-1.5
805300,Mark 14,Mark 38,HYDROGEL_PACK,XIRECS,9998.0,4,1,sell,Mark 14,9998,10014,10006.0,16,43.0,43.0,86.0,-8.0,-8.0,0.0,-16.0,True,False,10006.0,-8.0,0.0,10006.0,-8.0,0.0,10004.0,-6.0,2.0,10008.0,-10.0,-2.0
809700,Mark 38,Mark 14,HYDROGEL_PACK,XIRECS,10018.0,2,1,buy,Mark 14,10002,10018,10010.0,16,39.0,39.0,78.0,8.0,-8.0,16.0,0.0,True,False,10012.0,-6.0,2.0,10012.0,-6.0,2.0,10012.0,-6.0,2.0,10009.0,-9.0,-1.0
810600,Mark 38,Mark 14,HYDROGEL_PACK,XIRECS,10015.0,2,1,buy,Mark 14,9999,10015,10007.0,16,36.0,36.0,72.0,8.0,-8.0,16.0,0.0,True,False,10004.0,-11.0,-3.0,10004.0,-11.0,-3.0,10007.0,-8.0,0.0,10005.0,-10.0,-2.0
814500,Mark 14,Mark 38,HYDROGEL_PACK,XIRECS,9989.0,3,1,sell,Mark 14,9989,10005,9997.0,16,33.0,33.0,66.0,-8.0,-8.0,0.0,-16.0,True,False,9995.0,-6.0,2.0,9995.0,-6.0,2.0,9993.0,-4.0,4.0,9996.0,-7.0,1.0
815000,Mark 38,Mark 14,HYDROGEL_PACK,XIRECS,10004.0,3,1,buy,Mark 14,9988,10004,9996.0,16,36.0,36.0,72.0,8.0,-8.0,16.0,0.0,True,False,9998.0,-6.0,2.0,9998.0,-6.0,2.0,9999.0,-5.0,3.0,10001.0,-3.0,5.0
816800,Mark 14,Mark 38,HYDROGEL_PACK,XIRECS,9999.0,4,1,sell,Mark 14,9999,10015,10007.0,16,32.0,32.0,64.0,-8.0,-8.0,0.0,-16.0,True,False,10006.0,-7.0,1.0,10006.0,-7.0,1.0,10006.0,-7.0,1.0,10003.0,-4.0,4.0
820600,Mark 38,Mark 14,HYDROGEL_PACK,XIRECS,10011.0,2,1,buy,Mark 14,9995,10011,10003.0,16,39.0,39.0,78.0,8.0,-8.0,16.0,0.0,True,False,10004.0,-7.0,1.0,10004.0,-7.0,1.0,10002.0,-9.0,-1.0,10001.0,-10.0,-2.0
821100,Mark 14,Mark 38,HYDROGEL_PACK,XIRECS,9993.0,4,1,sell,Mark 14,9993,10009,10001.0,16,41.0,41.0,82.0,-8.0,-8.0,0.0,-16.0,True,False,10001.0,-8.0,0.0,10001.0,-8.0,0.0,9997.0,-4.0,4.0,10000.0,-7.0,1.0
821300,Mark 14,Mark 38,VEV_4000,XIRECS,1233.0,2,1,sell,Mark 14,1233,1254,1243.5,21,27.0,27.0,54.0,-10.5,-10.5,0.0,-21.0,True,False,1243.5,-10.5,0.0,1243.5,-10.5,0.0,1243.5,-10.5,0.0,1245.5,-12.5,-2.0
833600,Mark 14,Mark 38,HYDROGEL_PACK,XIRECS,10025.0,2,1,sell,Mark 14,10025,10041,10033.0,16,40.0,40.0,80.0,-8.0,-8.0,0.0,-16.0,True,False,10035.0,-10.0,-2.0,10035.0,-10.0,-2.0,10036.0,-11.0,-3.0,10038.0,-13.0,-5.0
837000,Mark 38,Mark 14,HYDROGEL_PACK,XIRECS,10047.0,6,1,buy,Mark 14,10031,10047,10039.0,16,39.0,39.0,78.0,8.0,-8.0,16.0,0.0,True,False,10033.5,-13.5,-5.5,10033.5,-13.5,-5.5,10038.0,-9.0,-1.0,10030.0,-17.0,-9.0
844200,Mark 38,Mark 14,HYDROGEL_PACK,XIRECS,10033.0,6,1,buy,Mark 14,10017,10033,10025.0,16,36.0,36.0,72.0,8.0,-8.0,16.0,0.0,True,False,10024.0,-9.0,-1.0,10024.0,-9.0,-1.0,10023.0,-10.0,-2.0,10028.0,-5.0,3.0
844800,Mark 38,Mark 14,HYDROGEL_PACK,XIRECS,10034.0,3,1,buy,Mark 14,10018,10034,10026.0,16,35.0,35.0,70.0,8.0,-8.0,16.0,0.0,True,False,10027.0,-7.0,1.0,10027.0,-7.0,1.0,10022.5,-11.5,-3.5,10028.0,-6.0,2.0
845500,Mark 14,Mark 38,HYDROGEL_PACK,XIRECS,10013.0,6,1,sell,Mark 14,10013,10029,10021.0,16,38.0,38.0,76.0,-8.0,-8.0,0.0,-16.0,True,False,10022.0,-9.0,-1.0,10022.0,-9.0,-1.0,10024.0,-11.0,-3.0,10026.0,-13.0,-5.0
847200,Mark 14,Mark 38,HYDROGEL_PACK,XIRECS,10022.0,5,1,sell,Mark 14,10022,10038,10030.0,16,35.0,35.0,70.0,-8.0,-8.0,0.0,-16.0,True,False,10031.0,-9.0,-1.0,10031.0,-9.0,-1.0,10032.0,-10.0,-2.0,10034.0,-12.0,-4.0
848200,Mark 38,Mark 14,VEV_4000,XIRECS,1272.0,2,1,buy,Mark 14,1251,1272,1261.5,21,29.0,29.0,58.0,10.5,-10.5,21.0,0.0,True,False,1261.0,-11.0,-0.5,1261.0,-11.0,-0.5,1262.5,-9.5,1.0,1263.5,-8.5,2.0
848400,Mark 38,Mark 14,HYDROGEL_PACK,XIRECS,10040.0,3,1,buy,Mark 14,10024,10040,10032.0,16,34.0,34.0,68.0,8.0,-8.0,16.0,0.0,True,False,10031.0,-9.0,-1.0,10031.0,-9.0,-1.0,10027.0,-13.0,-5.0,10032.0,-8.0,0.0
849200,Mark 14,Mark 38,VEV_4000,XIRECS,1256.0,2,1,sell,Mark 14,1256,1277,1266.5,21,39.0,39.0,78.0,-10.5,-10.5,0.0,-21.0,True,False,1267.5,-11.5,-1.0,1267.5,-11.5,-1.0,1267.5,-11.5,-1.0,1266.0,-10.0,0.5
853500,Mark 14,Mark 38,HYDROGEL_PACK,XIRECS,10032.0,4,1,sell,Mark 14,10032,10048,10040.0,16,38.0,38.0,76.0,-8.0,-8.0,0.0,-16.0,True,False,10038.0,-6.0,2.0,10038.0,-6.0,2.0,10039.0,-7.0,1.0,10043.0,-11.0,-3.0
853900,Mark 38,Mark 14,HYDROGEL_PACK,XIRECS,10047.0,6,1,buy,Mark 14,10031,10047,10039.0,16,39.0,39.0,78.0,8.0,-8.0,16.0,0.0,True,False,10043.0,-4.0,4.0,10043.0,-4.0,4.0,10040.0,-7.0,1.0,10046.0,-1.0,7.0
854900,Mark 38,Mark 14,HYDROGEL_PACK,XIRECS,10052.0,2,1,buy,Mark 14,10035,10052,10043.5,17,39.0,39.0,78.0,8.5,-8.5,17.0,0.0,True,False,10045.0,-7.0,1.5,10045.0,-7.0,1.5,10044.0,-8.0,0.5,10044.5,-7.5,1.0
855500,Mark 14,Mark 38,VEV_4000,XIRECS,1264.0,3,1,sell,Mark 14,1264,1285,1274.5,21,28.0,28.0,56.0,-10.5,-10.5,0.0,-21.0,True,False,1274.0,-10.0,0.5,1274.0,-10.0,0.5,1273.5,-9.5,1.0,1272.0,-8.0,2.5
860100,Mark 38,Mark 14,HYDROGEL_PACK,XIRECS,10086.0,2,1,buy,Mark 14,10070,10086,10078.0,16,40.0,40.0,80.0,8.0,-8.0,16.0,0.0,True,False,10077.0,-9.0,-1.0,10077.0,-9.0,-1.0,10078.0,-8.0,0.0,10079.0,-7.0,1.0
862900,Mark 14,Mark 38,HYDROGEL_PACK,XIRECS,10038.0,6,1,sell,Mark 14,10038,10045,10041.5,7,32.0,42.0,74.0,-3.5,-3.5,0.0,-7.0,True,False,10046.0,-8.0,-4.5,10046.0,-8.0,-4.5,10046.0,-8.0,-4.5,10047.0,-9.0,-5.5
866300,Mark 38,Mark 14,HYDROGEL_PACK,XIRECS,10060.0,6,1,buy,Mark 14,10044,10060,10052.0,16,40.0,40.0,80.0,8.0,-8.0,16.0,0.0,True,False,10049.0,-11.0,-3.0,10049.0,-11.0,-3.0,10046.0,-14.0,-6.0,10045.0,-15.0,-7.0
867100,Mark 14,Mark 38,HYDROGEL_PACK,XIRECS,10039.0,5,1,sell,Mark 14,10039,10055,10047.0,16,35.0,35.0,70.0,-8.0,-8.0,0.0,-16.0,True,False,10045.0,-6.0,2.0,10045.0,-6.0,2.0,10047.0,-8.0,0.0,10043.0,-4.0,4.0
867800,Mark 38,Mark 14,VEV_4000,XIRECS,1261.0,2,1,buy,Mark 14,1240,1261,1250.5,21,33.0,33.0,66.0,10.5,-10.5,21.0,0.0,True,False,1250.5,-10.5,0.0,1250.5,-10.5,0.0,1250.5,-10.5,0.0,1250.5,-10.5,0.0
870000,Mark 38,Mark 14,HYDROGEL_PACK,XIRECS,10058.0,3,1,buy,Mark 14,10042,10058,10050.0,16,36.0,36.0,72.0,8.0,-8.0,16.0,0.0,True,False,10048.0,-10.0,-2.0,10048.0,-10.0,-2.0,10047.0,-11.0,-3.0,10046.0,-12.0,-4.0
870100,Mark 14,Mark 38,VEV_4000,XIRECS,1236.0,3,1,sell,Mark 14,1236,1257,1246.5,21,34.0,34.0,68.0,-10.5,-10.5,0.0,-21.0,True,False,1246.5,-10.5,0.0,1246.5,-10.5,0.0,1245.5,-9.5,1.0,1245.5,-9.5,1.0
870200,Mark 38,Mark 14,VEV_4000,XIRECS,1257.0,3,1,buy,Mark 14,1236,1257,1246.5,21,31.0,31.0,62.0,10.5,-10.5,21.0,0.0,True,False,1245.5,-11.5,-1.0,1245.5,-11.5,-1.0,1244.5,-12.5,-2.0,1245.5,-11.5,-1.0
871700,Mark 14,Mark 38,HYDROGEL_PACK,XIRECS,10027.0,5,1,sell,Mark 14,10027,10043,10035.0,16,31.0,31.0,62.0,-8.0,-8.0,0.0,-16.0,True,False,10033.0,-6.0,2.0,10033.0,-6.0,2.0,10034.0,-7.0,1.0,10028.0,-1.0,7.0
876000,Mark 38,Mark 14,HYDROGEL_PACK,XIRECS,10025.0,4,1,buy,Mark 14,10009,10025,10017.0,16,32.0,32.0,64.0,8.0,-8.0,16.0,0.0,True,False,10017.0,-8.0,0.0,10017.0,-8.0,0.0,10016.0,-9.0,-1.0,10009.0,-16.0,-8.0
876400,Mark 38,Mark 14,HYDROGEL_PACK,XIRECS,10020.0,3,1,buy,Mark 14,10004,10020,10012.0,16,40.0,40.0,80.0,8.0,-8.0,16.0,0.0,True,False,10009.0,-11.0,-3.0,10009.0,-11.0,-3.0,10011.0,-9.0,-1.0,10010.0,-10.0,-2.0
881400,Mark 14,Mark 38,VEV_4000,XIRECS,1229.0,1,1,sell,Mark 14,1229,1250,1239.5,21,26.0,26.0,52.0,-10.5,-10.5,0.0,-21.0,True,False,1243.5,-14.5,-4.0,1243.5,-14.5,-4.0,1243.5,-14.5,-4.0,1245.5,-16.5,-6.0
886300,Mark 14,Mark 38,VEV_4000,XIRECS,1246.0,3,1,sell,Mark 14,1246,1267,1256.5,21,36.0,36.0,72.0,-10.5,-10.5,0.0,-21.0,True,False,1257.5,-11.5,-1.0,1257.5,-11.5,-1.0,1255.5,-9.5,1.0,1255.5,-9.5,1.0
887200,Mark 38,Mark 14,HYDROGEL_PACK,XIRECS,10007.0,2,1,buy,Mark 14,9991,10007,9999.0,16,43.0,43.0,86.0,8.0,-8.0,16.0,0.0,True,False,10000.0,-7.0,1.0,10000.0,-7.0,1.0,9999.0,-8.0,0.0,10004.0,-3.0,5.0
888300,Mark 38,Mark 14,VEV_4000,XIRECS,1261.0,2,1,buy,Mark 14,1240,1261,1250.5,21,36.0,36.0,72.0,10.5,-10.5,21.0,0.0,True,False,1250.5,-10.5,0.0,1250.5,-10.5,0.0,1248.5,-12.5,-2.0,1250.5,-10.5,0.0
892000,Mark 38,Mark 14,HYDROGEL_PACK,XIRECS,10000.0,6,1,buy,Mark 14,9984,10000,9992.0,16,35.0,35.0,70.0,8.0,-8.0,16.0,0.0,True,False,9992.0,-8.0,0.0,9992.0,-8.0,0.0,9990.0,-10.0,-2.0,9994.0,-6.0,2.0
894300,Mark 14,Mark 38,HYDROGEL_PACK,XIRECS,9981.0,6,1,sell,Mark 14,9981,9996,9988.5,15,38.0,38.0,76.0,-7.5,-7.5,0.0,-15.0,True,False,9988.0,-7.0,0.5,9988.0,-7.0,0.5,9986.0,-5.0,2.5,9982.0,-1.0,6.5
898200,Mark 22,Mark 38,HYDROGEL_PACK,XIRECS,9995.0,4,1,sell,Mark 22,9995,10003,9999.0,8,37.0,33.0,70.0,-4.0,-4.0,0.0,-8.0,True,False,9995.0,0.0,4.0,9995.0,0.0,4.0,9995.0,0.0,4.0,9998.0,-3.0,1.0
899200,Mark 38,Mark 14,HYDROGEL_PACK,XIRECS,10003.0,4,1,buy,Mark 14,9987,10003,9995.0,16,39.0,39.0,78.0,8.0,-8.0,16.0,0.0,True,False,9995.0,-8.0,0.0,9995.0,-8.0,0.0,9993.0,-10.0,-2.0,9999.0,-4.0,4.0
900800,Mark 38,Mark 14,VEV_4000,XIRECS,1261.0,3,1,buy,Mark 14,1240,1261,1250.5,21,35.0,35.0,70.0,10.5,-10.5,21.0,0.0,True,False,1251.5,-9.5,1.0,1251.5,-9.5,1.0,1252.5,-8.5,2.0,1252.5,-8.5,2.0
901400,Mark 14,Mark 38,HYDROGEL_PACK,XIRECS,9989.0,4,1,sell,Mark 14,9989,10005,9997.0,16,41.0,41.0,82.0,-8.0,-8.0,0.0,-16.0,True,False,10000.0,-11.0,-3.0,10000.0,-11.0,-3.0,10001.0,-12.0,-4.0,10002.0,-13.0,-5.0
901600,Mark 38,Mark 14,VEV_4000,XIRECS,1264.0,1,1,buy,Mark 14,1243,1264,1253.5,21,29.0,29.0,58.0,10.5,-10.5,21.0,0.0,True,False,1254.5,-9.5,1.0,1254.5,-9.5,1.0,1254.5,-9.5,1.0,1255.5,-8.5,2.0
901800,Mark 38,Mark 14,HYDROGEL_PACK,XIRECS,10011.0,2,1,buy,Mark 14,9995,10011,10003.0,16,40.0,40.0,80.0,8.0,-8.0,16.0,0.0,True,False,10002.0,-9.0,-1.0,10002.0,-9.0,-1.0,9999.0,-12.0,-4.0,10005.0,-6.0,2.0
903400,Mark 38,Mark 14,VEV_4000,XIRECS,1271.0,1,1,buy,Mark 14,1249,1271,1260.0,22,41.0,41.0,82.0,11.0,-11.0,22.0,0.0,True,False,1260.5,-10.5,0.5,1260.5,-10.5,0.5,1261.0,-10.0,1.0,1258.5,-12.5,-1.5
908700,Mark 38,Mark 14,HYDROGEL_PACK,XIRECS,10022.0,4,1,buy,Mark 14,10006,10022,10014.0,16,36.0,36.0,72.0,8.0,-8.0,16.0,0.0,True,False,10012.0,-10.0,-2.0,10012.0,-10.0,-2.0,10011.0,-11.0,-3.0,10013.0,-9.0,-1.0
909300,Mark 38,Mark 14,HYDROGEL_PACK,XIRECS,10024.0,5,1,buy,Mark 14,10008,10024,10016.0,16,37.0,37.0,74.0,8.0,-8.0,16.0,0.0,True,False,10014.0,-10.0,-2.0,10014.0,-10.0,-2.0,10017.0,-7.0,1.0,10022.0,-2.0,6.0
912000,Mark 14,Mark 38,HYDROGEL_PACK,XIRECS,10030.0,6,1,sell,Mark 14,10030,10046,10038.0,16,43.0,43.0,86.0,-8.0,-8.0,0.0,-16.0,True,False,10039.0,-9.0,-1.0,10039.0,-9.0,-1.0,10038.0,-8.0,0.0,10034.0,-4.0,4.0
912600,Mark 14,Mark 38,HYDROGEL_PACK,XIRECS,10027.0,2,1,sell,Mark 14,10027,10043,10035.0,16,34.0,34.0,68.0,-8.0,-8.0,0.0,-16.0,True,False,10034.0,-7.0,1.0,10034.0,-7.0,1.0,10035.0,-8.0,0.0,10032.0,-5.0,3.0
914400,Mark 38,Mark 14,HYDROGEL_PACK,XIRECS,10039.0,4,1,buy,Mark 14,10023,10039,10031.0,16,39.0,39.0,78.0,8.0,-8.0,16.0,0.0,True,False,10031.0,-8.0,0.0,10031.0,-8.0,0.0,10031.0,-8.0,0.0,10030.0,-9.0,-1.0
914800,Mark 38,Mark 14,HYDROGEL_PACK,XIRECS,10039.0,4,1,buy,Mark 14,10023,10039,10031.0,16,31.0,31.0,62.0,8.0,-8.0,16.0,0.0,True,False,10030.0,-9.0,-1.0,10030.0,-9.0,-1.0,10032.0,-7.0,1.0,10034.0,-5.0,3.0
