timestamp,buyer,seller,symbol,currency,price,quantity,day,side,counterparty,bid_price_1,bid_volume_1,ask_price_1,ask_volume_1,mid_price,spread,best_bid_depth,best_ask_depth,bid_depth_3,ask_depth_3,future_mid_t10,edge_t10,midmo_t10,future_mid_t50,edge_t50,midmo_t50,future_mid_t200,edge_t200,midmo_t200,future_mid_t500,edge_t500,midmo_t500,price_location,side_touch_improve,side_mid_edge,spread_pctile_day_product
5300,Mark 38,Mark 14,VEV_4000,XIRECS,1264.0,2,1,sell,Mark 38,1243,14,1264,14,1253.5,21,14,-14,42.0,-42.0,1255.5,8.5,-2.0,1255.5,8.5,-2.0,1254.5,9.5,-1.0,1253.5,10.5,0.0,at_ask,21.0,10.5,0.9181
6200,Mark 38,Mark 14,HYDROGEL_PACK,XIRECS,9955.0,5,1,sell,Mark 38,9939,12,9955,12,9947.0,16,12,-12,41.0,-41.0,9946.0,9.0,1.0,9946.0,9.0,1.0,9947.0,8.0,0.0,9945.0,10.0,2.0,at_ask,16.0,8.0,0.9835
15000,Mark 38,Mark 14,HYDROGEL_PACK,XIRECS,9966.0,4,1,sell,Mark 38,9951,13,9966,13,9958.5,15,13,-13,38.0,-38.0,9957.0,9.0,1.5,9957.0,9.0,1.5,9956.0,10.0,2.5,9957.0,9.0,1.5,at_ask,15.0,7.5,0.0611
16700,Mark 14,Mark 38,VEV_4000,XIRECS,1221.0,2,1,buy,Mark 38,1221,13,1231,2,1226.0,10,13,-2,28.0,-30.0,1230.5,9.5,4.5,1230.5,9.5,4.5,1229.5,8.5,3.5,1232.5,11.5,6.5,at_bid,10.0,5.0,0.0097
17300,Mark 14,Mark 38,VEV_4000,XIRECS,1221.0,1,1,buy,Mark 38,1221,15,1242,15,1231.5,21,15,-15,33.0,-33.0,1231.0,10.0,-0.5,1231.0,10.0,-0.5,1232.5,11.5,1.0,1233.5,12.5,2.0,at_bid,21.0,10.5,0.9181
17900,Mark 38,Mark 14,VEV_4000,XIRECS,1243.0,1,1,sell,Mark 38,1223,8,1243,8,1233.0,20,8,-8,37.0,-37.0,1232.5,10.5,0.5,1232.5,10.5,0.5,1232.0,11.0,1.0,1229.5,13.5,3.5,at_ask,20.0,10.0,0.1244
19300,Mark 14,Mark 55,VELVETFRUIT_EXTRACT,XIRECS,5226.0,5,1,buy,Mark 55,5226,19,5231,55,5228.5,5,19,-55,55.0,-55.0,5228.5,2.5,0.0,5228.5,2.5,0.0,5227.5,1.5,-1.0,5228.5,2.5,0.0,at_bid,5.0,2.5,0.8202
20200,Mark 14,Mark 55,VELVETFRUIT_EXTRACT,XIRECS,5224.0,5,1,buy,Mark 55,5224,24,5229,24,5226.5,5,24,-24,60.0,-60.0,5226.5,2.5,0.0,5226.5,2.5,0.0,5228.5,4.5,2.0,5227.5,3.5,1.0,at_bid,5.0,2.5,0.8202
22800,Mark 14,Mark 38,HYDROGEL_PACK,XIRECS,9946.0,6,1,buy,Mark 38,9946,12,9962,12,9954.0,16,12,-12,38.0,-38.0,9954.0,8.0,0.0,9954.0,8.0,0.0,9953.0,7.0,-1.0,9951.0,5.0,-3.0,at_bid,16.0,8.0,0.9835
25700,Mark 38,Mark 14,VEV_4000,XIRECS,1241.0,3,1,sell,Mark 38,1221,7,1241,7,1231.0,20,7,-7,25.0,-25.0,1232.0,9.0,-1.0,1232.0,9.0,-1.0,1230.5,10.5,0.5,1230.5,10.5,0.5,at_ask,20.0,10.0,0.1244
29300,Mark 14,Mark 55,VELVETFRUIT_EXTRACT,XIRECS,5237.0,4,1,buy,Mark 55,5237,24,5242,24,5239.5,5,24,-24,59.0,-59.0,5238.5,1.5,-1.0,5238.5,1.5,-1.0,5240.5,3.5,1.0,5241.5,4.5,2.0,at_bid,5.0,2.5,0.8202
30800,Mark 14,Mark 38,HYDROGEL_PACK,XIRECS,9940.0,2,1,buy,Mark 38,9940,10,9956,10,9948.0,16,10,-10,39.0,-39.0,9946.0,6.0,-2.0,9946.0,6.0,-2.0,9946.0,6.0,-2.0,9947.0,7.0,-1.0,at_bid,16.0,8.0,0.9835
31400,Mark 38,Mark 14,HYDROGEL_PACK,XIRECS,9953.0,3,1,sell,Mark 38,9937,11,9953,11,9945.0,16,11,-11,33.0,-33.0,9945.0,8.0,0.0,9945.0,8.0,0.0,9945.0,8.0,0.0,9945.5,7.5,-0.5,at_ask,16.0,8.0,0.9835
32000,Mark 14,Mark 38,HYDROGEL_PACK,XIRECS,9938.0,5,1,buy,Mark 38,9938,15,9954,15,9946.0,16,15,-15,35.0,-35.0,9947.0,9.0,1.0,9947.0,9.0,1.0,9947.0,9.0,1.0,9952.0,14.0,6.0,at_bid,16.0,8.0,0.9835
33600,Mark 14,Mark 38,HYDROGEL_PACK,XIRECS,9948.0,6,1,buy,Mark 38,9948,13,9964,13,9956.0,16,13,-13,40.0,-40.0,9955.0,7.0,-1.0,9955.0,7.0,-1.0,9953.0,5.0,-3.0,9950.0,2.0,-6.0,at_bid,16.0,8.0,0.9835
36200,Mark 38,Mark 14,VEV_4000,XIRECS,1244.0,3,1,sell,Mark 38,1223,13,1244,13,1233.5,21,13,-13,39.0,-39.0,1232.5,11.5,1.0,1232.5,11.5,1.0,1233.5,10.5,0.0,1233.0,11.0,0.5,at_ask,21.0,10.5,0.9181
37400,Mark 14,Mark 38,HYDROGEL_PACK,XIRECS,9936.0,4,1,buy,Mark 38,9936,13,9952,13,9944.0,16,13,-13,35.0,-35.0,9946.0,10.0,2.0,9946.0,10.0,2.0,9948.0,12.0,4.0,9951.0,15.0,7.0,at_bid,16.0,8.0,0.9835
40900,Mark 38,Mark 14,HYDROGEL_PACK,XIRECS,9951.0,5,1,sell,Mark 38,9935,12,9951,12,9943.0,16,12,-12,37.0,-37.0,9944.0,7.0,-1.0,9944.0,7.0,-1.0,9944.0,7.0,-1.0,9944.0,7.0,-1.0,at_ask,16.0,8.0,0.9835
41300,Mark 38,Mark 14,HYDROGEL_PACK,XIRECS,9953.0,5,1,sell,Mark 38,9937,14,9953,14,9945.0,16,14,-14,41.0,-41.0,9944.0,9.0,1.0,9944.0,9.0,1.0,9945.0,8.0,0.0,9946.0,7.0,-1.0,at_ask,16.0,8.0,0.9835
43900,Mark 14,Mark 38,HYDROGEL_PACK,XIRECS,9952.0,6,1,buy,Mark 38,9952,12,9968,12,9960.0,16,12,-12,36.0,-36.0,9964.0,12.0,4.0,9964.0,12.0,4.0,9968.0,16.0,8.0,9967.0,15.0,7.0,at_bid,16.0,8.0,0.9835
45200,Mark 14,Mark 38,HYDROGEL_PACK,XIRECS,9961.0,2,1,buy,Mark 38,9961,14,9977,14,9969.0,16,14,-14,34.0,-34.0,9964.0,3.0,-5.0,9964.0,3.0,-5.0,9971.0,10.0,2.0,9972.0,11.0,3.0,at_bid,16.0,8.0,0.9835
48300,Mark 14,Mark 38,HYDROGEL_PACK,XIRECS,9960.0,3,1,buy,Mark 38,9960,15,9975,15,9967.5,15,15,-15,35.0,-35.0,9966.0,6.0,-1.5,9966.0,6.0,-1.5,9966.0,6.0,-1.5,9966.0,6.0,-1.5,at_bid,15.0,7.5,0.0611
50200,Mark 14,Mark 38,VEV_4000,XIRECS,1236.0,2,1,buy,Mark 38,1236,14,1257,14,1246.5,21,14,-14,42.0,-42.0,1246.5,10.5,0.0,1246.5,10.5,0.0,1246.5,10.5,0.0,1239.0,3.0,-7.5,at_bid,21.0,10.5,0.9181
50300,Mark 38,Mark 14,VEV_4000,XIRECS,1257.0,3,1,sell,Mark 38,1236,12,1257,12,1246.5,21,12,-12,41.0,-41.0,1246.5,10.5,0.0,1246.5,10.5,0.0,1245.5,11.5,1.0,1243.5,13.5,3.0,at_ask,21.0,10.5,0.9181
51700,Mark 14,Mark 55,VELVETFRUIT_EXTRACT,XIRECS,5243.0,4,1,buy,Mark 55,5243,19,5248,19,5245.5,5,19,-19,50.0,-50.0,5247.5,4.5,2.0,5247.5,4.5,2.0,5246.5,3.5,1.0,5246.5,3.5,1.0,at_bid,5.0,2.5,0.8202
52400,Mark 14,Mark 38,HYDROGEL_PACK,XIRECS,9961.0,5,1,buy,Mark 38,9961,14,9977,14,9969.0,16,14,-14,34.0,-34.0,9971.0,10.0,2.0,9971.0,10.0,2.0,9970.0,9.0,1.0,9969.0,8.0,0.0,at_bid,16.0,8.0,0.9835
53000,Mark 14,Mark 38,HYDROGEL_PACK,XIRECS,9961.0,4,1,buy,Mark 38,9961,13,9977,13,9969.0,16,13,-13,42.0,-42.0,9968.5,7.5,-0.5,9968.5,7.5,-0.5,9967.0,6.0,-2.0,9968.0,7.0,-1.0,at_bid,16.0,8.0,0.9835
53400,Mark 14,Mark 22,VEV_5500,XIRECS,7.0,2,1,buy,Mark 22,7,3,8,19,7.5,1,3,-19,17.0,-19.0,7.5,0.5,0.0,7.5,0.5,0.0,7.0,0.0,-0.5,7.5,0.5,0.0,at_bid,1.0,0.5,0.8473
53800,Mark 38,Mark 14,VEV_4000,XIRECS,1255.0,2,1,sell,Mark 38,1234,12,1255,12,1244.5,21,12,-12,35.0,-35.0,1244.5,10.5,0.0,1244.5,10.5,0.0,1244.5,10.5,0.0,1243.5,11.5,1.0,at_ask,21.0,10.5,0.9181
54400,Mark 14,Mark 38,VEV_4000,XIRECS,1234.0,3,1,buy,Mark 38,1234,10,1255,10,1244.5,21,10,-10,37.0,-37.0,1243.5,9.5,-1.0,1243.5,9.5,-1.0,1243.5,9.5,-1.0,1243.5,9.5,-1.0,at_bid,21.0,10.5,0.9181
57600,Mark 38,Mark 14,VEV_4000,XIRECS,1257.0,3,1,sell,Mark 38,1236,15,1257,15,1246.5,21,15,-15,43.0,-43.0,1247.5,9.5,-1.0,1247.5,9.5,-1.0,1247.5,9.5,-1.0,1248.5,8.5,-2.0,at_ask,21.0,10.5,0.9181
59300,Mark 14,Mark 38,HYDROGEL_PACK,XIRECS,9949.0,4,1,buy,Mark 38,9949,15,9965,15,9957.0,16,15,-15,37.0,-37.0,9957.0,8.0,0.0,9957.0,8.0,0.0,9955.0,6.0,-2.0,9955.0,6.0,-2.0,at_bid,16.0,8.0,0.9835
59600,Mark 14,Mark 55,VELVETFRUIT_EXTRACT,XIRECS,5244.0,4,1,buy,Mark 55,5244,20,5249,67,5246.5,5,20,-67,67.0,-67.0,5246.5,2.5,0.0,5246.5,2.5,0.0,5247.0,3.0,0.5,5246.5,2.5,0.0,at_bid,5.0,2.5,0.8202
60300,Mark 14,Mark 55,VELVETFRUIT_EXTRACT,XIRECS,5245.0,5,1,buy,Mark 55,5245,18,5250,18,5247.5,5,18,-18,60.0,-60.0,5248.5,3.5,1.0,5248.5,3.5,1.0,5248.5,3.5,1.0,5246.5,1.5,-1.0,at_bid,5.0,2.5,0.8202
61100,Mark 38,Mark 14,HYDROGEL_PACK,XIRECS,9961.0,2,1,sell,Mark 38,9945,15,9961,15,9953.0,16,15,-15,44.0,-44.0,9952.0,9.0,1.0,9952.0,9.0,1.0,9952.0,9.0,1.0,9953.0,8.0,0.0,at_ask,16.0,8.0,0.9835
61400,Mark 38,Mark 14,HYDROGEL_PACK,XIRECS,9962.0,2,1,sell,Mark 38,9946,13,9962,13,9954.0,16,13,-13,41.0,-41.0,9954.0,8.0,0.0,9954.0,8.0,0.0,9953.0,9.0,1.0,9948.0,14.0,6.0,at_ask,16.0,8.0,0.9835
62100,Mark 14,Mark 55,VELVETFRUIT_EXTRACT,XIRECS,5243.0,6,1,buy,Mark 55,5243,22,5248,22,5245.5,5,22,-22,52.0,-52.0,5243.5,0.5,-2.0,5243.5,0.5,-2.0,5243.5,0.5,-2.0,5243.5,0.5,-2.0,at_bid,5.0,2.5,0.8202
62600,Mark 38,Mark 14,VEV_4000,XIRECS,1254.0,1,1,sell,Mark 38,1233,13,1254,13,1243.5,21,13,-13,34.0,-34.0,1243.0,11.0,0.5,1243.0,11.0,0.5,1244.0,10.0,-0.5,1242.0,12.0,1.5,at_ask,21.0,10.5,0.9181
63100,Mark 38,Mark 14,VEV_4000,XIRECS,1252.0,3,1,sell,Mark 38,1232,15,1252,15,1242.0,20,15,-15,35.0,-35.0,1242.5,9.5,-0.5,1242.5,9.5,-0.5,1242.5,9.5,-0.5,1245.5,6.5,-3.5,at_ask,20.0,10.0,0.1244
63200,Mark 38,Mark 14,HYDROGEL_PACK,XIRECS,9950.0,5,1,sell,Mark 38,9934,15,9950,15,9942.0,16,15,-15,39.0,-39.0,9940.0,10.0,2.0,9940.0,10.0,2.0,9937.0,13.0,5.0,9937.0,13.0,5.0,at_ask,16.0,8.0,0.9835
63200,Mark 14,Mark 55,VELVETFRUIT_EXTRACT,XIRECS,5240.0,8,1,buy,Mark 55,5240,17,5245,49,5242.5,5,17,-49,49.0,-49.0,5242.5,2.5,0.0,5242.5,2.5,0.0,5243.5,3.5,1.0,5243.5,3.5,1.0,at_bid,5.0,2.5,0.8202
64200,Mark 55,Mark 14,VELVETFRUIT_EXTRACT,XIRECS,5245.0,6,1,sell,Mark 55,5240,25,5245,25,5242.5,5,25,-25,66.0,-66.0,5242.5,2.5,0.0,5242.5,2.5,0.0,5244.5,0.5,-2.0,5243.5,1.5,-1.0,at_ask,5.0,2.5,0.8202
64300,Mark 14,Mark 38,HYDROGEL_PACK,XIRECS,9933.0,4,1,buy,Mark 38,9933,12,9949,12,9941.0,16,12,-12,32.0,-32.0,9940.5,7.5,-0.5,9940.5,7.5,-0.5,9939.0,6.0,-2.0,9937.0,4.0,-4.0,at_bid,16.0,8.0,0.9835
65400,Mark 14,Mark 38,HYDROGEL_PACK,XIRECS,9930.0,4,1,buy,Mark 38,9930,12,9946,12,9938.0,16,12,-12,33.0,-33.0,9939.0,9.0,1.0,9939.0,9.0,1.0,9934.5,4.5,-3.5,9942.5,12.5,4.5,at_bid,16.0,8.0,0.9835
65700,Mark 14,Mark 55,VELVETFRUIT_EXTRACT,XIRECS,5240.0,8,1,buy,Mark 55,5240,21,5245,21,5242.5,5,21,-21,58.0,-58.0,5241.5,1.5,-1.0,5241.5,1.5,-1.0,5242.5,2.5,0.0,5242.0,2.0,-0.5,at_bid,5.0,2.5,0.8202
65900,Mark 14,Mark 38,HYDROGEL_PACK,XIRECS,9935.0,2,1,buy,Mark 38,9935,15,9950,15,9942.5,15,15,-15,39.0,-39.0,9942.0,7.0,-0.5,9942.0,7.0,-0.5,9944.0,9.0,1.5,9948.5,13.5,6.0,at_bid,15.0,7.5,0.0611
67700,Mark 55,Mark 14,VELVETFRUIT_EXTRACT,XIRECS,5250.0,4,1,sell,Mark 55,5247,9,5250,18,5248.5,3,9,-18,67.0,-58.0,5247.0,3.0,1.5,5247.0,3.0,1.5,5247.5,2.5,1.0,5246.5,3.5,2.0,at_ask,3.0,1.5,0.0732
68000,Mark 38,Mark 14,VEV_4000,XIRECS,1258.0,2,1,sell,Mark 38,1237,12,1258,12,1247.5,21,12,-12,32.0,-32.0,1246.5,11.5,1.0,1246.5,11.5,1.0,1246.5,11.5,1.0,1246.5,11.5,1.0,at_ask,21.0,10.5,0.9181
69500,Mark 14,Mark 38,HYDROGEL_PACK,XIRECS,9952.0,2,1,buy,Mark 38,9952,13,9967,13,9959.5,15,13,-13,43.0,-43.0,9962.0,10.0,2.5,9962.0,10.0,2.5,9960.0,8.0,0.5,9957.0,5.0,-2.5,at_bid,15.0,7.5,0.0611
70500,Mark 14,Mark 38,VEV_4000,XIRECS,1232.0,1,1,buy,Mark 38,1232,15,1252,15,1242.0,20,15,-15,44.0,-44.0,1242.5,10.5,0.5,1242.5,10.5,0.5,1242.0,10.0,0.0,1241.5,9.5,-0.5,at_bid,20.0,10.0,0.1244
73500,Mark 14,Mark 38,HYDROGEL_PACK,XIRECS,9966.0,3,1,buy,Mark 38,9966,12,9982,12,9974.0,16,12,-12,36.0,-36.0,9978.0,12.0,4.0,9978.0,12.0,4.0,9978.0,12.0,4.0,9980.0,14.0,6.0,at_bid,16.0,8.0,0.9835
74300,Mark 55,Mark 14,VELVETFRUIT_EXTRACT,XIRECS,5238.0,6,1,sell,Mark 55,5233,19,5238,19,5235.5,5,19,-19,57.0,-57.0,5237.5,0.5,-2.0,5237.5,0.5,-2.0,5237.5,0.5,-2.0,5240.0,-2.0,-4.5,at_ask,5.0,2.5,0.8202
74400,Mark 14,Mark 55,VELVETFRUIT_EXTRACT,XIRECS,5235.0,4,1,buy,Mark 55,5235,24,5240,64,5237.5,5,24,-64,64.0,-64.0,5237.5,2.5,0.0,5237.5,2.5,0.0,5239.5,4.5,2.0,5239.5,4.5,2.0,at_bid,5.0,2.5,0.8202
76600,Mark 38,Mark 14,HYDROGEL_PACK,XIRECS,9995.0,3,1,sell,Mark 38,9979,15,9995,15,9987.0,16,15,-15,44.0,-44.0,9990.0,5.0,-3.0,9990.0,5.0,-3.0,9992.0,3.0,-5.0,9991.0,4.0,-4.0,at_ask,16.0,8.0,0.9835
77300,Mark 55,Mark 14,VELVETFRUIT_EXTRACT,XIRECS,5241.0,8,1,sell,Mark 55,5236,21,5241,21,5238.5,5,21,-21,57.0,-57.0,5238.5,2.5,0.0,5238.5,2.5,0.0,5238.5,2.5,0.0,5236.5,4.5,2.0,at_ask,5.0,2.5,0.8202
78300,Mark 14,Mark 38,VEV_4000,XIRECS,1229.0,3,1,buy,Mark 38,1229,11,1250,11,1239.5,21,11,-11,32.0,-32.0,1238.5,9.5,-1.0,1238.5,9.5,-1.0,1241.0,12.0,1.5,1239.5,10.5,0.0,at_bid,21.0,10.5,0.9181
78500,Mark 38,Mark 14,HYDROGEL_PACK,XIRECS,10000.0,4,1,sell,Mark 38,9984,15,10000,15,9992.0,16,15,-15,38.0,-38.0,9990.0,10.0,2.0,9990.0,10.0,2.0,9990.0,10.0,2.0,9989.5,10.5,2.5,at_ask,16.0,8.0,0.9835
79000,Mark 14,Mark 38,HYDROGEL_PACK,XIRECS,9982.0,3,1,buy,Mark 38,9982,13,9997,13,9989.5,15,13,-13,34.0,-34.0,9991.0,9.0,1.5,9991.0,9.0,1.5,9989.0,7.0,-0.5,9983.0,1.0,-6.5,at_bid,15.0,7.5,0.0611
79800,Mark 38,Mark 14,HYDROGEL_PACK,XIRECS,9994.0,6,1,sell,Mark 38,9978,12,9994,12,9986.0,16,12,-12,37.0,-37.0,9986.0,8.0,0.0,9986.0,8.0,0.0,9984.0,10.0,2.0,9980.0,14.0,6.0,at_ask,16.0,8.0,0.9835
81300,Mark 14,Mark 38,HYDROGEL_PACK,XIRECS,9970.0,6,1,buy,Mark 38,9970,12,9986,12,9978.0,16,12,-12,40.0,-40.0,9973.0,3.0,-5.0,9973.0,3.0,-5.0,9974.0,4.0,-4.0,9970.0,0.0,-8.0,at_bid,16.0,8.0,0.9835
81700,Mark 38,Mark 14,HYDROGEL_PACK,XIRECS,9980.0,3,1,sell,Mark 38,9964,10,9980,10,9972.0,16,10,-10,34.0,-34.0,9970.0,10.0,2.0,9970.0,10.0,2.0,9970.0,10.0,2.0,9969.0,11.0,3.0,at_ask,16.0,8.0,0.9835
81900,Mark 38,Mark 14,HYDROGEL_PACK,XIRECS,9978.0,2,1,sell,Mark 38,9962,12,9978,12,9970.0,16,12,-12,40.0,-40.0,9970.0,8.0,0.0,9970.0,8.0,0.0,9973.0,5.0,-3.0,9971.0,7.0,-1.0,at_ask,16.0,8.0,0.9835
82300,Mark 38,Mark 14,HYDROGEL_PACK,XIRECS,9977.0,3,1,sell,Mark 38,9961,11,9977,11,9969.0,16,11,-11,41.0,-41.0,9971.0,6.0,-2.0,9971.0,6.0,-2.0,9973.0,4.0,-4.0,9971.0,6.0,-2.0,at_ask,16.0,8.0,0.9835
84300,Mark 38,Mark 14,VEV_4000,XIRECS,1243.0,1,1,sell,Mark 38,1222,9,1243,9,1232.5,21,9,-9,34.0,-34.0,1232.5,10.5,0.0,1232.5,10.5,0.0,1233.5,9.5,-1.0,1234.5,8.5,-2.0,at_ask,21.0,10.5,0.9181
85300,Mark 14,Mark 22,VEV_5300,XIRECS,42.0,2,1,buy,Mark 22,42,7,44,20,43.0,2,7,-20,18.0,-20.0,42.0,0.0,-1.0,42.0,0.0,-1.0,43.0,1.0,0.0,43.0,1.0,0.0,at_bid,2.0,1.0,0.8697
87900,Mark 14,Mark 55,VELVETFRUIT_EXTRACT,XIRECS,5239.0,3,1,buy,Mark 55,5239,20,5244,67,5241.5,5,20,-67,67.0,-67.0,5240.5,1.5,-1.0,5240.5,1.5,-1.0,5240.5,1.5,-1.0,5242.5,3.5,1.0,at_bid,5.0,2.5,0.8202
89300,Mark 14,Mark 38,VEV_4000,XIRECS,1232.0,3,1,buy,Mark 38,1232,14,1253,14,1242.5,21,14,-14,44.0,-44.0,1242.5,10.5,0.0,1242.5,10.5,0.0,1243.5,11.5,1.0,1238.0,6.0,-4.5,at_bid,21.0,10.5,0.9181
91100,Mark 55,Mark 14,VELVETFRUIT_EXTRACT,XIRECS,5244.0,6,1,sell,Mark 55,5239,15,5244,15,5241.5,5,15,-15,55.0,-55.0,5242.5,1.5,-1.0,5242.5,1.5,-1.0,5241.5,2.5,0.0,5241.5,2.5,0.0,at_ask,5.0,2.5,0.8202
92000,Mark 55,Mark 14,VELVETFRUIT_EXTRACT,XIRECS,5243.0,8,1,sell,Mark 55,5238,23,5243,23,5240.5,5,23,-23,61.0,-61.0,5240.5,2.5,0.0,5240.5,2.5,0.0,5242.5,0.5,-2.0,5243.5,-0.5,-3.0,at_ask,5.0,2.5,0.8202
92100,Mark 14,Mark 38,HYDROGEL_PACK,XIRECS,9955.0,4,1,buy,Mark 38,9955,13,9971,13,9963.0,16,13,-13,42.0,-42.0,9965.0,10.0,2.0,9965.0,10.0,2.0,9964.0,9.0,1.0,9966.0,11.0,3.0,at_bid,16.0,8.0,0.9835
92500,Mark 14,Mark 38,HYDROGEL_PACK,XIRECS,9956.0,2,1,buy,Mark 38,9956,12,9972,12,9964.0,16,12,-12,39.0,-39.0,9966.0,10.0,2.0,9966.0,10.0,2.0,9965.0,9.0,1.0,9963.0,7.0,-1.0,at_bid,16.0,8.0,0.9835
94400,Mark 38,Mark 14,HYDROGEL_PACK,XIRECS,9974.0,4,1,sell,Mark 38,9958,15,9974,15,9966.0,16,15,-15,37.0,-37.0,9964.0,10.0,2.0,9964.0,10.0,2.0,9965.0,9.0,1.0,9966.0,8.0,0.0,at_ask,16.0,8.0,0.9835
97100,Mark 14,Mark 38,HYDROGEL_PACK,XIRECS,9950.0,2,1,buy,Mark 38,9950,11,9966,11,9958.0,16,11,-11,40.0,-40.0,9958.0,8.0,0.0,9958.0,8.0,0.0,9956.0,6.0,-2.0,9959.0,9.0,1.0,at_bid,16.0,8.0,0.9835
98600,Mark 38,Mark 14,HYDROGEL_PACK,XIRECS,9962.0,2,1,sell,Mark 38,9946,12,9962,12,9954.0,16,12,-12,36.0,-36.0,9954.0,8.0,0.0,9954.0,8.0,0.0,9951.0,11.0,3.0,9952.0,10.0,2.0,at_ask,16.0,8.0,0.9835
99000,Mark 38,Mark 14,HYDROGEL_PACK,XIRECS,9961.0,3,1,sell,Mark 38,9945,15,9961,15,9953.0,16,15,-15,42.0,-42.0,9952.0,9.0,1.0,9952.0,9.0,1.0,9954.0,7.0,-1.0,9951.5,9.5,1.5,at_ask,16.0,8.0,0.9835
100500,Mark 55,Mark 14,VELVETFRUIT_EXTRACT,XIRECS,5248.0,4,1,sell,Mark 55,5243,22,5248,22,5245.5,5,22,-22,55.0,-55.0,5246.0,2.0,-0.5,5246.0,2.0,-0.5,5247.5,0.5,-2.0,5248.0,0.0,-2.5,at_ask,5.0,2.5,0.8202
101400,Mark 14,Mark 38,HYDROGEL_PACK,XIRECS,9936.0,5,1,buy,Mark 38,9936,13,9952,13,9944.0,16,13,-13,34.0,-34.0,9943.0,7.0,-1.0,9943.0,7.0,-1.0,9943.0,7.0,-1.0,9951.0,15.0,7.0,at_bid,16.0,8.0,0.9835
101500,Mark 14,Mark 38,HYDROGEL_PACK,XIRECS,9935.0,6,1,buy,Mark 38,9935,11,9951,11,9943.0,16,11,-11,35.0,-35.0,9943.0,8.0,0.0,9943.0,8.0,0.0,9941.0,6.0,-2.0,9951.0,16.0,8.0,at_bid,16.0,8.0,0.9835
102500,Mark 14,Mark 38,VEV_4000,XIRECS,1235.0,1,1,buy,Mark 38,1235,15,1256,15,1245.5,21,15,-15,36.0,-36.0,1246.5,11.5,1.0,1246.5,11.5,1.0,1247.5,12.5,2.0,1247.5,12.5,2.0,at_bid,21.0,10.5,0.9181
102800,Mark 14,Mark 38,VEV_4000,XIRECS,1236.0,1,1,buy,Mark 38,1236,13,1257,13,1246.5,21,13,-13,35.0,-35.0,1247.5,11.5,1.0,1247.5,11.5,1.0,1247.5,11.5,1.0,1246.5,10.5,0.0,at_bid,21.0,10.5,0.9181
103100,Mark 38,Mark 14,HYDROGEL_PACK,XIRECS,9952.0,4,1,sell,Mark 38,9936,11,9952,11,9944.0,16,11,-11,36.0,-36.0,9945.0,7.0,-1.0,9945.0,7.0,-1.0,9948.0,4.0,-4.0,9951.0,1.0,-7.0,at_ask,16.0,8.0,0.9835
103500,Mark 14,Mark 38,HYDROGEL_PACK,XIRECS,9940.0,3,1,buy,Mark 38,9940,13,9956,13,9948.0,16,13,-13,37.0,-37.0,9951.0,11.0,3.0,9951.0,11.0,3.0,9953.0,13.0,5.0,9953.0,13.0,5.0,at_bid,16.0,8.0,0.9835
104400,Mark 55,Mark 14,VELVETFRUIT_EXTRACT,XIRECS,5252.0,6,1,sell,Mark 55,5247,68,5252,22,5249.5,5,68,-22,68.0,-68.0,5249.5,2.5,0.0,5249.5,2.5,0.0,5249.5,2.5,0.0,5250.5,1.5,-1.0,at_ask,5.0,2.5,0.8202
107100,Mark 14,Mark 38,HYDROGEL_PACK,XIRECS,9952.0,5,1,buy,Mark 38,9952,13,9968,13,9960.0,16,13,-13,41.0,-41.0,9963.0,11.0,3.0,9963.0,11.0,3.0,9960.0,8.0,0.0,9960.0,8.0,0.0,at_bid,16.0,8.0,0.9835
109100,Mark 14,Mark 38,HYDROGEL_PACK,XIRECS,9957.0,2,1,buy,Mark 38,9957,12,9973,12,9965.0,16,12,-12,36.0,-36.0,9965.0,8.0,0.0,9965.0,8.0,0.0,9968.0,11.0,3.0,9966.0,9.0,1.0,at_bid,16.0,8.0,0.9835
112000,Mark 14,Mark 55,VELVETFRUIT_EXTRACT,XIRECS,5260.0,3,1,buy,Mark 55,5260,17,5265,55,5262.5,5,17,-55,55.0,-55.0,5263.5,3.5,1.0,5263.5,3.5,1.0,5262.5,2.5,0.0,5264.5,4.5,2.0,at_bid,5.0,2.5,0.8202
112700,Mark 14,Mark 38,HYDROGEL_PACK,XIRECS,9948.0,2,1,buy,Mark 38,9948,14,9964,14,9956.0,16,14,-14,40.0,-40.0,9952.0,4.0,-4.0,9952.0,4.0,-4.0,9954.5,6.5,-1.5,9950.0,2.0,-6.0,at_bid,16.0,8.0,0.9835
113900,Mark 38,Mark 14,HYDROGEL_PACK,XIRECS,9956.0,2,1,sell,Mark 38,9940,15,9956,15,9948.0,16,15,-15,35.0,-35.0,9947.0,9.0,1.0,9947.0,9.0,1.0,9944.0,12.0,4.0,9948.0,8.0,0.0,at_ask,16.0,8.0,0.9835
115500,Mark 14,Mark 38,HYDROGEL_PACK,XIRECS,9937.0,3,1,buy,Mark 38,9937,10,9953,10,9945.0,16,10,-10,40.0,-40.0,9945.0,8.0,0.0,9945.0,8.0,0.0,9946.0,9.0,1.0,9949.0,12.0,4.0,at_bid,16.0,8.0,0.9835
118800,Mark 14,Mark 55,VELVETFRUIT_EXTRACT,XIRECS,5257.0,3,1,buy,Mark 55,5257,22,5262,61,5259.5,5,22,-61,61.0,-61.0,5259.5,2.5,0.0,5259.5,2.5,0.0,5257.5,0.5,-2.0,5258.0,1.0,-1.5,at_bid,5.0,2.5,0.8202
119400,Mark 38,Mark 14,HYDROGEL_PACK,XIRECS,9962.0,3,1,sell,Mark 38,9946,10,9962,10,9954.0,16,10,-10,34.0,-34.0,9956.0,6.0,-2.0,9956.0,6.0,-2.0,9956.0,6.0,-2.0,9957.0,5.0,-3.0,at_ask,16.0,8.0,0.9835
120700,Mark 38,Mark 14,HYDROGEL_PACK,XIRECS,9958.0,2,1,sell,Mark 38,9942,13,9958,13,9950.0,16,13,-13,33.0,-33.0,9949.0,9.0,1.0,9949.0,9.0,1.0,9949.0,9.0,1.0,9954.0,4.0,-4.0,at_ask,16.0,8.0,0.9835
125600,Mark 55,Mark 14,VELVETFRUIT_EXTRACT,XIRECS,5265.0,3,1,sell,Mark 55,5260,64,5265,23,5262.5,5,64,-23,64.0,-64.0,5261.5,3.5,1.0,5261.5,3.5,1.0,5262.5,2.5,0.0,5263.5,1.5,-1.0,at_ask,5.0,2.5,0.8202
126000,Mark 38,Mark 14,HYDROGEL_PACK,XIRECS,9953.0,4,1,sell,Mark 38,9937,13,9953,13,9945.0,16,13,-13,37.0,-37.0,9946.0,7.0,-1.0,9946.0,7.0,-1.0,9944.0,9.0,1.0,9946.0,7.0,-1.0,at_ask,16.0,8.0,0.9835
129100,Mark 38,Mark 14,VEV_4000,XIRECS,1275.0,3,1,sell,Mark 38,1253,9,1275,9,1264.0,22,9,-9,39.0,-39.0,1264.5,10.5,-0.5,1264.5,10.5,-0.5,1263.5,11.5,0.5,1264.0,11.0,0.0,at_ask,22.0,11.0,1.0
129500,Mark 38,Mark 14,HYDROGEL_PACK,XIRECS,9967.0,6,1,sell,Mark 38,9951,14,9967,14,9959.0,16,14,-14,35.0,-35.0,9957.0,10.0,2.0,9957.0,10.0,2.0,9959.0,8.0,0.0,9957.0,10.0,2.0,at_ask,16.0,8.0,0.9835
129800,Mark 14,Mark 38,HYDROGEL_PACK,XIRECS,9951.0,4,1,buy,Mark 38,9951,11,9967,11,9959.0,16,11,-11,40.0,-40.0,9958.0,7.0,-1.0,9958.0,7.0,-1.0,9957.0,6.0,-2.0,9958.5,7.5,-0.5,at_bid,16.0,8.0,0.9835
130800,Mark 14,Mark 38,HYDROGEL_PACK,XIRECS,9946.0,5,1,buy,Mark 38,9946,12,9962,12,9954.0,16,12,-12,38.0,-38.0,9952.0,6.0,-2.0,9952.0,6.0,-2.0,9950.0,4.0,-4.0,9949.0,3.0,-5.0,at_bid,16.0,8.0,0.9835
133100,Mark 14,Mark 38,VEV_4000,XIRECS,1253.0,3,1,buy,Mark 38,1253,15,1274,15,1263.5,21,15,-15,33.0,-33.0,1263.5,10.5,0.0,1263.5,10.5,0.0,1263.0,10.0,-0.5,1266.0,13.0,2.5,at_bid,21.0,10.5,0.9181
133700,Mark 14,Mark 38,HYDROGEL_PACK,XIRECS,9948.0,4,1,buy,Mark 38,9948,14,9964,14,9956.0,16,14,-14,39.0,-39.0,9955.0,7.0,-1.0,9955.0,7.0,-1.0,9958.5,10.5,2.5,9955.0,7.0,-1.0,at_bid,16.0,8.0,0.9835
134000,Mark 14,Mark 55,VELVETFRUIT_EXTRACT,XIRECS,5264.0,8,1,buy,Mark 55,5264,24,5269,68,5266.5,5,24,-68,68.0,-68.0,5265.5,1.5,-1.0,5265.5,1.5,-1.0,5264.5,0.5,-2.0,5261.5,-2.5,-5.0,at_bid,5.0,2.5,0.8202
134500,Mark 14,Mark 38,HYDROGEL_PACK,XIRECS,9944.0,6,1,buy,Mark 38,9944,13,9960,13,9952.0,16,13,-13,37.0,-37.0,9956.0,12.0,4.0,9956.0,12.0,4.0,9957.0,13.0,5.0,9956.0,12.0,4.0,at_bid,16.0,8.0,0.9835
135500,Mark 14,Mark 55,VELVETFRUIT_EXTRACT,XIRECS,5257.0,7,1,buy,Mark 55,5257,16,5262,16,5259.5,5,16,-16,50.0,-50.0,5260.5,3.5,1.0,5260.5,3.5,1.0,5261.0,4.0,1.5,5262.5,5.5,3.0,at_bid,5.0,2.5,0.8202
137000,Mark 14,Mark 38,VEV_4000,XIRECS,1252.0,3,1,buy,Mark 38,1252,9,1273,9,1262.5,21,9,-9,29.0,-29.0,1261.5,9.5,-1.0,1261.5,9.5,-1.0,1261.5,9.5,-1.0,1259.5,7.5,-3.0,at_bid,21.0,10.5,0.9181
137300,Mark 14,Mark 38,VEV_4000,XIRECS,1251.0,3,1,buy,Mark 38,1251,12,1272,12,1261.5,21,12,-12,36.0,-36.0,1261.5,10.5,0.0,1261.5,10.5,0.0,1259.5,8.5,-2.0,1258.5,7.5,-3.0,at_bid,21.0,10.5,0.9181
137600,Mark 38,Mark 14,VEV_4000,XIRECS,1269.0,3,1,sell,Mark 38,1248,9,1269,9,1258.5,21,9,-9,35.0,-35.0,1260.0,9.0,-1.5,1260.0,9.0,-1.5,1258.5,10.5,0.0,1256.5,12.5,2.0,at_ask,21.0,10.5,0.9181
137800,Mark 14,Mark 38,HYDROGEL_PACK,XIRECS,9942.0,3,1,buy,Mark 38,9942,11,9958,11,9950.0,16,11,-11,41.0,-41.0,9953.0,11.0,3.0,9953.0,11.0,3.0,9953.5,11.5,3.5,9952.5,10.5,2.5,at_bid,16.0,8.0,0.9835
138100,Mark 38,Mark 14,HYDROGEL_PACK,XIRECS,9959.0,2,1,sell,Mark 38,9943,15,9959,15,9951.0,16,15,-15,45.0,-45.0,9952.0,7.0,-1.0,9952.0,7.0,-1.0,9952.5,6.5,-1.5,9963.0,-4.0,-12.0,at_ask,16.0,8.0,0.9835
140000,Mark 55,Mark 14,VELVETFRUIT_EXTRACT,XIRECS,5261.0,5,1,sell,Mark 55,5256,59,5261,21,5258.5,5,59,-21,59.0,-59.0,5257.5,3.5,1.0,5257.5,3.5,1.0,5257.5,3.5,1.0,5255.5,5.5,3.0,at_ask,5.0,2.5,0.8202
140100,Mark 55,Mark 14,VELVETFRUIT_EXTRACT,XIRECS,5260.0,4,1,sell,Mark 55,5255,20,5260,20,5257.5,5,20,-20,54.0,-54.0,5257.5,2.5,0.0,5257.5,2.5,0.0,5256.5,3.5,1.0,5255.5,4.5,2.0,at_ask,5.0,2.5,0.8202
141000,Mark 55,Mark 14,VELVETFRUIT_EXTRACT,XIRECS,5260.0,4,1,sell,Mark 55,5255,16,5260,16,5257.5,5,16,-16,58.0,-58.0,5258.5,1.5,-1.0,5258.5,1.5,-1.0,5259.5,0.5,-2.0,5258.5,1.5,-1.0,at_ask,5.0,2.5,0.8202
142000,Mark 55,Mark 14,VELVETFRUIT_EXTRACT,XIRECS,5262.0,6,1,sell,Mark 55,5257,52,5262,19,5259.5,5,52,-19,52.0,-52.0,5259.5,2.5,0.0,5259.5,2.5,0.0,5260.5,1.5,-1.0,5262.5,-0.5,-3.0,at_ask,5.0,2.5,0.8202
145600,Mark 38,Mark 14,HYDROGEL_PACK,XIRECS,9962.0,5,1,sell,Mark 38,9946,15,9962,15,9954.0,16,15,-15,45.0,-45.0,9958.0,4.0,-4.0,9958.0,4.0,-4.0,9958.0,4.0,-4.0,9957.0,5.0,-3.0,at_ask,16.0,8.0,0.9835
146500,Mark 38,Mark 14,HYDROGEL_PACK,XIRECS,9963.0,6,1,sell,Mark 38,9947,10,9963,10,9955.0,16,10,-10,34.0,-34.0,9956.0,7.0,-1.0,9956.0,7.0,-1.0,9959.0,4.0,-4.0,9959.0,4.0,-4.0,at_ask,16.0,8.0,0.9835
146700,Mark 14,Mark 55,VELVETFRUIT_EXTRACT,XIRECS,5260.0,7,1,buy,Mark 55,5260,18,5265,68,5262.5,5,18,-68,68.0,-68.0,5263.0,3.0,0.5,5263.0,3.0,0.5,5263.5,3.5,1.0,5265.5,5.5,3.0,at_bid,5.0,2.5,0.8202
147900,Mark 14,Mark 38,VEV_4000,XIRECS,1256.0,1,1,buy,Mark 38,1256,11,1278,11,1267.0,22,11,-11,34.0,-34.0,1267.5,11.5,0.5,1267.5,11.5,0.5,1266.5,10.5,-0.5,1264.5,8.5,-2.5,at_bid,22.0,11.0,1.0
148000,Mark 38,Mark 14,HYDROGEL_PACK,XIRECS,9972.0,3,1,sell,Mark 38,9956,14,9972,14,9964.0,16,14,-14,43.0,-43.0,9963.0,9.0,1.0,9963.0,9.0,1.0,9961.0,11.0,3.0,9964.0,8.0,0.0,at_ask,16.0,8.0,0.9835
151100,Mark 14,Mark 38,HYDROGEL_PACK,XIRECS,9945.0,4,1,buy,Mark 38,9945,14,9961,14,9953.0,16,14,-14,42.0,-42.0,9952.0,7.0,-1.0,9952.0,7.0,-1.0,9951.0,6.0,-2.0,9956.0,11.0,3.0,at_bid,16.0,8.0,0.9835
151200,Mark 14,Mark 38,HYDROGEL_PACK,XIRECS,9944.0,6,1,buy,Mark 38,9944,12,9960,12,9952.0,16,12,-12,36.0,-36.0,9951.0,7.0,-1.0,9951.0,7.0,-1.0,9953.0,9.0,1.0,9952.0,8.0,0.0,at_bid,16.0,8.0,0.9835
152700,Mark 14,Mark 38,HYDROGEL_PACK,XIRECS,9944.0,5,1,buy,Mark 38,9944,13,9960,13,9952.0,16,13,-13,39.0,-39.0,9954.0,10.0,2.0,9954.0,10.0,2.0,9954.0,10.0,2.0,9957.0,13.0,5.0,at_bid,16.0,8.0,0.9835
154100,Mark 14,Mark 38,VEV_4000,XIRECS,1242.0,3,1,buy,Mark 38,1242,14,1263,14,1252.5,21,14,-14,38.0,-38.0,1253.5,11.5,1.0,1253.5,11.5,1.0,1252.5,10.5,0.0,1253.5,11.5,1.0,at_bid,21.0,10.5,0.9181
155900,Mark 38,Mark 14,HYDROGEL_PACK,XIRECS,9966.0,4,1,sell,Mark 38,9951,12,9966,12,9958.5,15,12,-12,39.0,-39.0,9957.0,9.0,1.5,9957.0,9.0,1.5,9955.0,11.0,3.5,9957.0,9.0,1.5,at_ask,15.0,7.5,0.0611
156200,Mark 14,Mark 38,VEV_4000,XIRECS,1237.0,1,1,buy,Mark 38,1237,10,1258,10,1247.5,21,10,-10,31.0,-31.0,1247.5,10.5,0.0,1247.5,10.5,0.0,1246.5,9.5,-1.0,1247.5,10.5,0.0,at_bid,21.0,10.5,0.9181
156400,Mark 14,Mark 38,HYDROGEL_PACK,XIRECS,9949.0,6,1,buy,Mark 38,9949,12,9965,12,9957.0,16,12,-12,40.0,-40.0,9959.0,10.0,2.0,9959.0,10.0,2.0,9962.0,13.0,5.0,9962.0,13.0,5.0,at_bid,16.0,8.0,0.9835
159900,Mark 14,Mark 38,HYDROGEL_PACK,XIRECS,9961.0,3,1,buy,Mark 38,9961,14,9977,14,9969.0,16,14,-14,41.0,-41.0,9970.0,9.0,1.0,9970.0,9.0,1.0,9969.0,8.0,0.0,9965.0,4.0,-4.0,at_bid,16.0,8.0,0.9835
161200,Mark 14,Mark 38,HYDROGEL_PACK,XIRECS,9956.0,6,1,buy,Mark 38,9956,10,9971,10,9963.5,15,10,-10,40.0,-40.0,9967.0,11.0,3.5,9967.0,11.0,3.5,9968.0,12.0,4.5,9967.0,11.0,3.5,at_bid,15.0,7.5,0.0611
164000,Mark 14,Mark 55,VELVETFRUIT_EXTRACT,XIRECS,5251.0,5,1,buy,Mark 55,5251,19,5256,61,5253.5,5,19,-61,61.0,-61.0,5252.0,1.0,-1.5,5252.0,1.0,-1.5,5251.5,0.5,-2.0,5252.5,1.5,-1.0,at_bid,5.0,2.5,0.8202
164300,Mark 38,Mark 14,HYDROGEL_PACK,XIRECS,9973.0,5,1,sell,Mark 38,9957,12,9973,12,9965.0,16,12,-12,39.0,-39.0,9967.0,6.0,-2.0,9967.0,6.0,-2.0,9968.0,5.0,-3.0,9971.0,2.0,-6.0,at_ask,16.0,8.0,0.9835
167300,Mark 14,Mark 38,HYDROGEL_PACK,XIRECS,9957.0,3,1,buy,Mark 38,9957,15,9973,15,9965.0,16,15,-15,39.0,-39.0,9964.0,7.0,-1.0,9964.0,7.0,-1.0,9962.0,5.0,-3.0,9960.0,3.0,-5.0,at_bid,16.0,8.0,0.9835
167600,Mark 14,Mark 38,VEV_4000,XIRECS,1242.0,2,1,buy,Mark 38,1242,9,1263,9,1252.5,21,9,-9,34.0,-34.0,1252.5,10.5,0.0,1252.5,10.5,0.0,1252.5,10.5,0.0,1253.5,11.5,1.0,at_bid,21.0,10.5,0.9181
168400,Mark 14,Mark 55,VELVETFRUIT_EXTRACT,XIRECS,5248.0,3,1,buy,Mark 55,5248,24,5253,65,5250.5,5,24,-65,65.0,-65.0,5250.0,2.0,-0.5,5250.0,2.0,-0.5,5248.5,0.5,-2.0,5249.5,1.5,-1.0,at_bid,5.0,2.5,0.8202
168500,Mark 38,Mark 14,VEV_4000,XIRECS,1261.0,2,1,sell,Mark 38,1250,2,1261,8,1255.5,11,2,-8,25.0,-23.0,1248.5,12.5,7.0,1248.5,12.5,7.0,1249.5,11.5,6.0,1250.5,10.5,5.0,at_ask,11.0,5.5,0.019
168700,Mark 38,Mark 14,VEV_4000,XIRECS,1260.0,1,1,sell,Mark 38,1239,12,1260,12,1249.5,21,12,-12,35.0,-35.0,1249.5,10.5,0.0,1249.5,10.5,0.0,1249.5,10.5,0.0,1250.5,9.5,-1.0,at_ask,21.0,10.5,0.9181
170500,Mark 14,Mark 22,VEV_5300,XIRECS,46.0,3,1,buy,Mark 22,46,7,48,23,47.0,2,7,-23,20.0,-23.0,47.0,1.0,0.0,47.0,1.0,0.0,47.0,1.0,0.0,46.0,0.0,-1.0,at_bid,2.0,1.0,0.8697
170900,Mark 38,Mark 14,VEV_4000,XIRECS,1260.0,3,1,sell,Mark 38,1239,11,1260,11,1249.5,21,11,-11,41.0,-41.0,1246.5,13.5,3.0,1246.5,13.5,3.0,1248.5,11.5,1.0,1251.5,8.5,-2.0,at_ask,21.0,10.5,0.9181
171400,Mark 38,Mark 14,HYDROGEL_PACK,XIRECS,9992.0,6,1,sell,Mark 38,9976,10,9992,10,9984.0,16,10,-10,39.0,-39.0,9983.0,9.0,1.0,9983.0,9.0,1.0,9979.0,13.0,5.0,9977.0,15.0,7.0,at_ask,16.0,8.0,0.9835
172400,Mark 14,Mark 38,VEV_4000,XIRECS,1238.0,1,1,buy,Mark 38,1238,11,1259,11,1248.5,21,11,-11,38.0,-38.0,1244.0,6.0,-4.5,1244.0,6.0,-4.5,1248.5,10.5,0.0,1247.5,9.5,-1.0,at_bid,21.0,10.5,0.9181
174200,Mark 38,Mark 14,HYDROGEL_PACK,XIRECS,9988.0,5,1,sell,Mark 38,9972,11,9988,11,9980.0,16,11,-11,40.0,-40.0,9977.0,11.0,3.0,9977.0,11.0,3.0,9983.5,4.5,-3.5,9981.0,7.0,-1.0,at_ask,16.0,8.0,0.9835
174400,Mark 38,Mark 14,HYDROGEL_PACK,XIRECS,9991.0,6,1,sell,Mark 38,9976,10,9991,10,9983.5,15,10,-10,38.0,-38.0,9984.0,7.0,-0.5,9984.0,7.0,-0.5,9984.0,7.0,-0.5,9986.0,5.0,-2.5,at_ask,15.0,7.5,0.0611
178000,Mark 14,Mark 38,HYDROGEL_PACK,XIRECS,9988.0,3,1,buy,Mark 38,9988,11,10004,11,9996.0,16,11,-11,32.0,-32.0,9997.0,9.0,1.0,9997.0,9.0,1.0,9996.0,8.0,0.0,9994.0,6.0,-2.0,at_bid,16.0,8.0,0.9835
182100,Mark 14,Mark 38,HYDROGEL_PACK,XIRECS,10012.0,3,1,buy,Mark 38,10012,15,10028,15,10020.0,16,15,-15,37.0,-37.0,10020.0,8.0,0.0,10020.0,8.0,0.0,10018.0,6.0,-2.0,10019.0,7.0,-1.0,at_bid,16.0,8.0,0.9835
182800,Mark 14,Mark 38,HYDROGEL_PACK,XIRECS,10010.0,5,1,buy,Mark 38,10010,14,10026,14,10018.0,16,14,-14,36.0,-36.0,10016.0,6.0,-2.0,10016.0,6.0,-2.0,10013.0,3.0,-5.0,10008.5,-1.5,-9.5,at_bid,16.0,8.0,0.9835
184200,Mark 38,Mark 14,VEV_4000,XIRECS,1251.0,3,1,sell,Mark 38,1230,7,1251,7,1240.5,21,7,-7,29.0,-29.0,1240.5,10.5,0.0,1240.5,10.5,0.0,1240.5,10.5,0.0,1241.5,9.5,-1.0,at_ask,21.0,10.5,0.9181
185800,Mark 38,Mark 14,HYDROGEL_PACK,XIRECS,10040.0,4,1,sell,Mark 38,10024,13,10040,13,10032.0,16,13,-13,37.0,-37.0,10032.0,8.0,0.0,10032.0,8.0,0.0,10031.0,9.0,1.0,10023.0,17.0,9.0,at_ask,16.0,8.0,0.9835
188400,Mark 14,Mark 38,HYDROGEL_PACK,XIRECS,10021.0,4,1,buy,Mark 38,10021,10,10037,10,10029.0,16,10,-10,34.0,-34.0,10029.0,8.0,0.0,10029.0,8.0,0.0,10030.0,9.0,1.0,10026.0,5.0,-3.0,at_bid,16.0,8.0,0.9835
190600,Mark 14,Mark 55,VELVETFRUIT_EXTRACT,XIRECS,5234.0,6,1,buy,Mark 55,5234,21,5239,21,5236.5,5,21,-21,60.0,-60.0,5236.5,2.5,0.0,5236.5,2.5,0.0,5237.5,3.5,1.0,5239.5,5.5,3.0,at_bid,5.0,2.5,0.8202
190700,Mark 55,Mark 14,VELVETFRUIT_EXTRACT,XIRECS,5239.0,3,1,sell,Mark 55,5234,17,5239,17,5236.5,5,17,-17,47.0,-47.0,5237.5,1.5,-1.0,5237.5,1.5,-1.0,5240.0,-1.0,-3.5,5239.5,-0.5,-3.0,at_ask,5.0,2.5,0.8202
191100,Mark 14,Mark 55,VELVETFRUIT_EXTRACT,XIRECS,5237.0,8,1,buy,Mark 55,5237,15,5242,15,5239.5,5,15,-15,62.0,-62.0,5239.5,2.5,0.0,5239.5,2.5,0.0,5240.0,3.0,0.5,5237.5,0.5,-2.0,at_bid,5.0,2.5,0.8202
192600,Mark 14,Mark 55,VELVETFRUIT_EXTRACT,XIRECS,5231.0,3,1,buy,Mark 55,5231,25,5236,25,5233.5,5,25,-25,71.0,-71.0,5233.5,2.5,0.0,5233.5,2.5,0.0,5235.5,4.5,2.0,5235.5,4.5,2.0,at_bid,5.0,2.5,0.8202
192800,Mark 14,Mark 38,HYDROGEL_PACK,XIRECS,10007.0,5,1,buy,Mark 38,10007,10,10023,10,10015.0,16,10,-10,32.0,-32.0,10016.0,9.0,1.0,10016.0,9.0,1.0,10017.0,10.0,2.0,10016.0,9.0,1.0,at_bid,16.0,8.0,0.9835
193400,Mark 38,Mark 14,HYDROGEL_PACK,XIRECS,10026.0,4,1,sell,Mark 38,10010,15,10026,15,10018.0,16,15,-15,42.0,-42.0,10016.0,10.0,2.0,10016.0,10.0,2.0,10017.0,9.0,1.0,10015.0,11.0,3.0,at_ask,16.0,8.0,0.9835
194200,Mark 38,Mark 14,VEV_4000,XIRECS,1247.0,2,1,sell,Mark 38,1226,13,1247,13,1236.5,21,13,-13,43.0,-43.0,1236.0,11.0,0.5,1236.0,11.0,0.5,1236.5,10.5,0.0,1235.0,12.0,1.5,at_ask,21.0,10.5,0.9181
194400,Mark 14,Mark 55,VELVETFRUIT_EXTRACT,XIRECS,5234.0,5,1,buy,Mark 55,5234,18,5239,53,5236.5,5,18,-53,53.0,-53.0,5237.5,3.5,1.0,5237.5,3.5,1.0,5235.5,1.5,-1.0,5233.5,-0.5,-3.0,at_bid,5.0,2.5,0.8202
195200,Mark 55,Mark 14,VELVETFRUIT_EXTRACT,XIRECS,5236.0,3,1,sell,Mark 55,5231,20,5236,20,5233.5,5,20,-20,56.0,-56.0,5233.5,2.5,0.0,5233.5,2.5,0.0,5234.0,2.0,-0.5,5234.5,1.5,-1.0,at_ask,5.0,2.5,0.8202
196100,Mark 55,Mark 14,VELVETFRUIT_EXTRACT,XIRECS,5236.0,5,1,sell,Mark 55,5231,71,5236,23,5233.5,5,71,-23,71.0,-71.0,5235.5,0.5,-2.0,5235.5,0.5,-2.0,5233.5,2.5,0.0,5233.5,2.5,0.0,at_ask,5.0,2.5,0.8202
196700,Mark 14,Mark 38,VEV_4000,XIRECS,1225.0,1,1,buy,Mark 38,1225,13,1246,13,1235.5,21,13,-13,39.0,-39.0,1236.5,11.5,1.0,1236.5,11.5,1.0,1236.5,11.5,1.0,1236.0,11.0,0.5,at_bid,21.0,10.5,0.9181
198900,Mark 55,Mark 14,VELVETFRUIT_EXTRACT,XIRECS,5243.0,5,1,sell,Mark 55,5238,57,5243,15,5240.5,5,57,-15,57.0,-57.0,5241.0,2.0,-0.5,5241.0,2.0,-0.5,5242.5,0.5,-2.0,5240.5,2.5,0.0,at_ask,5.0,2.5,0.8202
199200,Mark 55,Mark 14,VELVETFRUIT_EXTRACT,XIRECS,5243.0,5,1,sell,Mark 55,5238,25,5243,25,5240.5,5,25,-25,66.0,-66.0,5238.5,4.5,2.0,5238.5,4.5,2.0,5240.5,2.5,0.0,5239.5,3.5,1.0,at_ask,5.0,2.5,0.8202
199400,Mark 38,Mark 14,HYDROGEL_PACK,XIRECS,10029.0,3,1,sell,Mark 38,10013,15,10029,15,10021.0,16,15,-15,37.0,-37.0,10021.0,8.0,0.0,10021.0,8.0,0.0,10019.0,10.0,2.0,10016.0,13.0,5.0,at_ask,16.0,8.0,0.9835
202300,Mark 38,Mark 14,VEV_4000,XIRECS,1252.0,3,1,sell,Mark 38,1231,7,1252,7,1241.5,21,7,-7,27.0,-27.0,1242.5,9.5,-1.0,1242.5,9.5,-1.0,1243.5,8.5,-2.0,1242.5,9.5,-1.0,at_ask,21.0,10.5,0.9181
202700,Mark 38,Mark 14,HYDROGEL_PACK,XIRECS,10033.0,5,1,sell,Mark 38,10017,11,10033,11,10025.0,16,11,-11,40.0,-40.0,10025.0,8.0,0.0,10025.0,8.0,0.0,10023.0,10.0,2.0,10022.0,11.0,3.0,at_ask,16.0,8.0,0.9835
203200,Mark 14,Mark 38,HYDROGEL_PACK,XIRECS,10014.0,6,1,buy,Mark 38,10014,15,10030,15,10022.0,16,15,-15,45.0,-45.0,10019.0,5.0,-3.0,10019.0,5.0,-3.0,10021.0,7.0,-1.0,10019.0,5.0,-3.0,at_bid,16.0,8.0,0.9835
203700,Mark 55,Mark 14,VELVETFRUIT_EXTRACT,XIRECS,5241.0,3,1,sell,Mark 55,5236,57,5241,19,5238.5,5,57,-19,57.0,-57.0,5239.5,1.5,-1.0,5239.5,1.5,-1.0,5240.5,0.5,-2.0,5242.5,-1.5,-4.0,at_ask,5.0,2.5,0.8202
206200,Mark 14,Mark 22,VEV_5400,XIRECS,16.0,3,1,buy,Mark 22,16,6,17,25,16.5,1,6,-25,22.0,-25.0,16.0,0.0,-0.5,16.0,0.0,-0.5,16.0,0.0,-0.5,16.5,0.5,0.0,at_bid,1.0,0.5,0.6136
206600,Mark 38,Mark 14,VEV_4000,XIRECS,1255.0,1,1,sell,Mark 38,1234,9,1255,9,1244.5,21,9,-9,38.0,-38.0,1244.5,10.5,0.0,1244.5,10.5,0.0,1243.5,11.5,1.0,1246.0,9.0,-1.5,at_ask,21.0,10.5,0.9181
210300,Mark 14,Mark 55,VELVETFRUIT_EXTRACT,XIRECS,5250.0,5,1,buy,Mark 55,5250,17,5255,17,5252.5,5,17,-17,56.0,-56.0,5254.5,4.5,2.0,5254.5,4.5,2.0,5253.5,3.5,1.0,5251.5,1.5,-1.0,at_bid,5.0,2.5,0.8202
210600,Mark 14,Mark 38,HYDROGEL_PACK,XIRECS,9990.0,5,1,buy,Mark 38,9990,10,10006,10,9998.0,16,10,-10,34.0,-34.0,10001.0,11.0,3.0,10001.0,11.0,3.0,10001.0,11.0,3.0,10004.0,14.0,6.0,at_bid,16.0,8.0,0.9835
211100,Mark 14,Mark 38,HYDROGEL_PACK,XIRECS,9996.0,6,1,buy,Mark 38,9996,10,10012,10,10004.0,16,10,-10,34.0,-34.0,10006.0,10.0,2.0,10006.0,10.0,2.0,10007.0,11.0,3.0,10006.0,10.0,2.0,at_bid,16.0,8.0,0.9835
215000,Mark 14,Mark 55,VELVETFRUIT_EXTRACT,XIRECS,5249.0,4,1,buy,Mark 55,5249,18,5254,64,5251.5,5,18,-64,64.0,-64.0,5251.5,2.5,0.0,5251.5,2.5,0.0,5252.5,3.5,1.0,5253.5,4.5,2.0,at_bid,5.0,2.5,0.8202
216000,Mark 38,Mark 14,VEV_4000,XIRECS,1263.0,1,1,sell,Mark 38,1242,7,1263,7,1252.5,21,7,-7,36.0,-36.0,1251.5,11.5,1.0,1251.5,11.5,1.0,1250.5,12.5,2.0,1250.5,12.5,2.0,at_ask,21.0,10.5,0.9181
217100,Mark 55,Mark 14,VELVETFRUIT_EXTRACT,XIRECS,5257.0,4,1,sell,Mark 55,5252,24,5257,24,5254.5,5,24,-24,56.0,-56.0,5253.5,3.5,1.0,5253.5,3.5,1.0,5253.5,3.5,1.0,5251.0,6.0,3.5,at_ask,5.0,2.5,0.8202
217500,Mark 38,Mark 14,HYDROGEL_PACK,XIRECS,10011.0,4,1,sell,Mark 38,9995,15,10011,15,10003.0,16,15,-15,43.0,-43.0,10005.0,6.0,-2.0,10005.0,6.0,-2.0,10007.0,4.0,-4.0,10001.0,10.0,2.0,at_ask,16.0,8.0,0.9835
217800,Mark 38,Mark 14,VEV_4000,XIRECS,1263.0,1,1,sell,Mark 38,1242,11,1263,11,1252.5,21,11,-11,31.0,-31.0,1251.5,11.5,1.0,1251.5,11.5,1.0,1253.5,9.5,-1.0,1252.5,10.5,0.0,at_ask,21.0,10.5,0.9181
218500,Mark 38,Mark 14,HYDROGEL_PACK,XIRECS,10017.0,5,1,sell,Mark 38,10001,15,10017,15,10009.0,16,15,-15,37.0,-37.0,10008.0,9.0,1.0,10008.0,9.0,1.0,10008.0,9.0,1.0,10005.0,12.0,4.0,at_ask,16.0,8.0,0.9835
218900,Mark 38,Mark 14,HYDROGEL_PACK,XIRECS,10014.0,3,1,sell,Mark 38,9998,10,10014,10,10006.0,16,10,-10,37.0,-37.0,10005.0,9.0,1.0,10005.0,9.0,1.0,10002.0,12.0,4.0,10004.0,10.0,2.0,at_ask,16.0,8.0,0.9835
218900,Mark 14,Mark 55,VELVETFRUIT_EXTRACT,XIRECS,5249.0,8,1,buy,Mark 55,5249,24,5254,67,5251.5,5,24,-67,67.0,-67.0,5252.5,3.5,1.0,5252.5,3.5,1.0,5251.5,2.5,0.0,5251.5,2.5,0.0,at_bid,5.0,2.5,0.8202
221200,Mark 38,Mark 14,HYDROGEL_PACK,XIRECS,10011.0,5,1,sell,Mark 38,9995,15,10011,15,10003.0,16,15,-15,44.0,-44.0,10006.0,5.0,-3.0,10006.0,5.0,-3.0,10008.0,3.0,-5.0,10007.0,4.0,-4.0,at_ask,16.0,8.0,0.9835
221800,Mark 14,Mark 55,VELVETFRUIT_EXTRACT,XIRECS,5241.0,7,1,buy,Mark 55,5241,16,5246,16,5243.5,5,16,-16,58.0,-58.0,5242.5,1.5,-1.0,5242.5,1.5,-1.0,5243.5,2.5,0.0,5246.5,5.5,3.0,at_bid,5.0,2.5,0.8202
222900,Mark 14,Mark 38,VEV_4000,XIRECS,1236.0,3,1,buy,Mark 38,1236,13,1257,13,1246.5,21,13,-13,41.0,-41.0,1248.5,12.5,2.0,1248.5,12.5,2.0,1246.5,10.5,0.0,1245.5,9.5,-1.0,at_bid,21.0,10.5,0.9181
223300,Mark 38,Mark 14,VEV_4000,XIRECS,1257.0,2,1,sell,Mark 38,1236,8,1257,8,1246.5,21,8,-8,32.0,-32.0,1245.5,11.5,1.0,1245.5,11.5,1.0,1246.5,10.5,0.0,1248.5,8.5,-2.0,at_ask,21.0,10.5,0.9181
224100,Mark 38,Mark 14,VEV_4000,XIRECS,1258.0,2,1,sell,Mark 38,1237,8,1258,8,1247.5,21,8,-8,23.0,-23.0,1247.5,10.5,0.0,1247.5,10.5,0.0,1248.5,9.5,-1.0,1248.5,9.5,-1.0,at_ask,21.0,10.5,0.9181
225100,Mark 55,Mark 14,VELVETFRUIT_EXTRACT,XIRECS,5254.0,5,1,sell,Mark 55,5249,20,5254,20,5251.5,5,20,-20,59.0,-59.0,5251.5,2.5,0.0,5251.5,2.5,0.0,5249.5,4.5,2.0,5250.5,3.5,1.0,at_ask,5.0,2.5,0.8202
226100,Mark 14,Mark 38,HYDROGEL_PACK,XIRECS,9974.0,5,1,buy,Mark 38,9974,13,9990,13,9982.0,16,13,-13,37.0,-37.0,9981.0,7.0,-1.0,9981.0,7.0,-1.0,9981.0,7.0,-1.0,9982.0,8.0,0.0,at_bid,16.0,8.0,0.9835
229100,Mark 38,Mark 14,VEV_4000,XIRECS,1258.0,1,1,sell,Mark 38,1237,9,1258,9,1247.5,21,9,-9,29.0,-29.0,1248.5,9.5,-1.0,1248.5,9.5,-1.0,1248.5,9.5,-1.0,1246.5,11.5,1.0,at_ask,21.0,10.5,0.9181
230000,Mark 38,Mark 14,HYDROGEL_PACK,XIRECS,9998.0,4,1,sell,Mark 38,9982,11,9998,11,9990.0,16,11,-11,33.0,-33.0,9987.0,11.0,3.0,9987.0,11.0,3.0,9990.0,8.0,0.0,9997.0,1.0,-7.0,at_ask,16.0,8.0,0.9835
230800,Mark 38,Mark 14,HYDROGEL_PACK,XIRECS,10007.0,3,1,sell,Mark 38,9991,11,10007,11,9999.0,16,11,-11,39.0,-39.0,10001.0,6.0,-2.0,10001.0,6.0,-2.0,10002.0,5.0,-3.0,10010.0,-3.0,-11.0,at_ask,16.0,8.0,0.9835
235900,Mark 14,Mark 38,HYDROGEL_PACK,XIRECS,9998.0,3,1,buy,Mark 38,9998,10,10014,10,10006.0,16,10,-10,34.0,-34.0,10008.0,10.0,2.0,10008.0,10.0,2.0,10009.0,11.0,3.0,10013.0,15.0,7.0,at_bid,16.0,8.0,0.9835
238200,Mark 38,Mark 14,HYDROGEL_PACK,XIRECS,10025.0,2,1,sell,Mark 38,10009,13,10025,13,10017.0,16,13,-13,40.0,-40.0,10017.0,8.0,0.0,10017.0,8.0,0.0,10015.0,10.0,2.0,10017.0,8.0,0.0,at_ask,16.0,8.0,0.9835
239400,Mark 14,Mark 55,VELVETFRUIT_EXTRACT,XIRECS,5251.0,6,1,buy,Mark 55,5251,24,5256,68,5253.5,5,24,-68,68.0,-68.0,5253.5,2.5,0.0,5253.5,2.5,0.0,5253.5,2.5,0.0,5255.5,4.5,2.0,at_bid,5.0,2.5,0.8202
239600,Mark 14,Mark 38,HYDROGEL_PACK,XIRECS,10006.0,4,1,buy,Mark 38,10006,11,10022,11,10014.0,16,11,-11,41.0,-41.0,10013.0,7.0,-1.0,10013.0,7.0,-1.0,10013.0,7.0,-1.0,10010.0,4.0,-4.0,at_bid,16.0,8.0,0.9835
239700,Mark 38,Mark 14,HYDROGEL_PACK,XIRECS,10021.0,6,1,sell,Mark 38,10005,14,10021,14,10013.0,16,14,-14,40.0,-40.0,10013.0,8.0,0.0,10013.0,8.0,0.0,10013.0,8.0,0.0,10015.0,6.0,-2.0,at_ask,16.0,8.0,0.9835
240200,Mark 55,Mark 14,VELVETFRUIT_EXTRACT,XIRECS,5258.0,3,1,sell,Mark 55,5253,16,5258,16,5255.5,5,16,-16,60.0,-60.0,5254.5,3.5,1.0,5254.5,3.5,1.0,5254.5,3.5,1.0,5257.5,0.5,-2.0,at_ask,5.0,2.5,0.8202
240600,Mark 14,Mark 38,HYDROGEL_PACK,XIRECS,10013.0,3,1,buy,Mark 38,10013,11,10029,11,10021.0,16,11,-11,41.0,-41.0,10023.0,10.0,2.0,10023.0,10.0,2.0,10023.5,10.5,2.5,10016.0,3.0,-5.0,at_bid,16.0,8.0,0.9835
241900,Mark 14,Mark 38,HYDROGEL_PACK,XIRECS,10005.0,2,1,buy,Mark 38,10005,13,10021,13,10013.0,16,13,-13,35.0,-35.0,10012.0,7.0,-1.0,10012.0,7.0,-1.0,10011.0,6.0,-2.0,10006.0,1.0,-7.0,at_bid,16.0,8.0,0.9835
245600,Mark 55,Mark 14,VELVETFRUIT_EXTRACT,XIRECS,5256.0,6,1,sell,Mark 55,5251,16,5256,16,5253.5,5,16,-16,51.0,-51.0,5253.5,2.5,0.0,5253.5,2.5,0.0,5253.5,2.5,0.0,5256.0,0.0,-2.5,at_ask,5.0,2.5,0.8202
248200,Mark 38,Mark 14,HYDROGEL_PACK,XIRECS,10025.0,5,1,sell,Mark 38,10009,10,10025,10,10017.0,16,10,-10,32.0,-32.0,10016.0,9.0,1.0,10016.0,9.0,1.0,10016.0,9.0,1.0,10017.0,8.0,0.0,at_ask,16.0,8.0,0.9835
250600,Mark 14,Mark 38,VEV_4000,XIRECS,1252.0,2,1,buy,Mark 38,1252,13,1273,13,1262.5,21,13,-13,39.0,-39.0,1263.5,11.5,1.0,1263.5,11.5,1.0,1262.5,10.5,0.0,1263.5,11.5,1.0,at_bid,21.0,10.5,0.9181
251600,Mark 38,Mark 14,VEV_4000,XIRECS,1275.0,3,1,sell,Mark 38,1254,11,1275,11,1264.5,21,11,-11,40.0,-40.0,1265.0,10.0,-0.5,1265.0,10.0,-0.5,1265.5,9.5,-1.0,1263.5,11.5,1.0,at_ask,21.0,10.5,0.9181
252400,Mark 55,Mark 14,VELVETFRUIT_EXTRACT,XIRECS,5267.0,6,1,sell,Mark 55,5262,23,5267,23,5264.5,5,23,-23,58.0,-58.0,5264.5,2.5,0.0,5264.5,2.5,0.0,5267.5,-0.5,-3.0,5265.5,1.5,-1.0,at_ask,5.0,2.5,0.8202
252500,Mark 14,Mark 38,HYDROGEL_PACK,XIRECS,9988.0,3,1,buy,Mark 38,9988,10,10004,10,9996.0,16,10,-10,39.0,-39.0,9998.0,10.0,2.0,9998.0,10.0,2.0,9996.0,8.0,0.0,9995.0,7.0,-1.0,at_bid,16.0,8.0,0.9835
253900,Mark 55,Mark 14,VELVETFRUIT_EXTRACT,XIRECS,5266.0,3,1,sell,Mark 55,5261,21,5266,21,5263.5,5,21,-21,69.0,-69.0,5263.5,2.5,0.0,5263.5,2.5,0.0,5262.5,3.5,1.0,5265.0,1.0,-1.5,at_ask,5.0,2.5,0.8202
254700,Mark 38,Mark 14,HYDROGEL_PACK,XIRECS,9997.0,5,1,sell,Mark 38,9988,9,9997,13,9992.5,9,9,-13,48.0,-39.0,9989.0,8.0,3.5,9989.0,8.0,3.5,9989.0,8.0,3.5,9985.0,12.0,7.5,at_ask,9.0,4.5,0.0328
255000,Mark 14,Mark 38,HYDROGEL_PACK,XIRECS,9980.0,4,1,buy,Mark 38,9980,13,9996,13,9988.0,16,13,-13,39.0,-39.0,9987.5,7.5,-0.5,9987.5,7.5,-0.5,9985.0,5.0,-3.0,9978.0,-2.0,-10.0,at_bid,16.0,8.0,0.9835
255300,Mark 14,Mark 38,HYDROGEL_PACK,XIRECS,9973.0,2,1,buy,Mark 38,9973,13,9989,13,9981.0,16,13,-13,33.0,-33.0,9981.0,8.0,0.0,9981.0,8.0,0.0,9978.0,5.0,-3.0,9975.0,2.0,-6.0,at_bid,16.0,8.0,0.9835
255400,Mark 14,Mark 38,HYDROGEL_PACK,XIRECS,9973.0,3,1,buy,Mark 38,9973,14,9989,14,9981.0,16,14,-14,40.0,-40.0,9978.0,5.0,-3.0,9978.0,5.0,-3.0,9977.0,4.0,-4.0,9978.0,5.0,-3.0,at_bid,16.0,8.0,0.9835
262300,Mark 38,Mark 14,HYDROGEL_PACK,XIRECS,10005.0,4,1,sell,Mark 38,9989,14,10005,14,9997.0,16,14,-14,40.0,-40.0,9995.0,10.0,2.0,9995.0,10.0,2.0,9998.0,7.0,-1.0,10000.0,5.0,-3.0,at_ask,16.0,8.0,0.9835
262800,Mark 38,Mark 14,HYDROGEL_PACK,XIRECS,10008.0,2,1,sell,Mark 38,9992,11,10008,11,10000.0,16,11,-11,40.0,-40.0,10004.0,4.0,-4.0,10004.0,4.0,-4.0,10005.0,3.0,-5.0,10003.0,5.0,-3.0,at_ask,16.0,8.0,0.9835
263100,Mark 38,Mark 14,VEV_4000,XIRECS,1268.0,3,1,sell,Mark 38,1247,8,1268,8,1257.5,21,8,-8,37.0,-37.0,1256.5,11.5,1.0,1256.5,11.5,1.0,1256.5,11.5,1.0,1253.5,14.5,4.0,at_ask,21.0,10.5,0.9181
263900,Mark 55,Mark 14,VELVETFRUIT_EXTRACT,XIRECS,5257.0,7,1,sell,Mark 55,5252,17,5257,17,5254.5,5,17,-17,64.0,-64.0,5251.0,6.0,3.5,5251.0,6.0,3.5,5253.5,3.5,1.0,5252.5,4.5,2.0,at_ask,5.0,2.5,0.8202
265600,Mark 14,Mark 55,VELVETFRUIT_EXTRACT,XIRECS,5248.0,5,1,buy,Mark 55,5248,15,5253,65,5250.5,5,15,-65,65.0,-65.0,5246.5,-1.5,-4.0,5246.5,-1.5,-4.0,5249.5,1.5,-1.0,5251.0,3.0,0.5,at_bid,5.0,2.5,0.8202
265800,Mark 55,Mark 14,VELVETFRUIT_EXTRACT,XIRECS,5252.0,7,1,sell,Mark 55,5247,21,5252,21,5249.5,5,21,-21,63.0,-63.0,5250.5,1.5,-1.0,5250.5,1.5,-1.0,5251.5,0.5,-2.0,5252.5,-0.5,-3.0,at_ask,5.0,2.5,0.8202
265900,Mark 14,Mark 38,VEV_4000,XIRECS,1240.0,1,1,buy,Mark 38,1240,7,1261,7,1250.5,21,7,-7,34.0,-34.0,1251.5,11.5,1.0,1251.5,11.5,1.0,1252.5,12.5,2.0,1250.5,10.5,0.0,at_bid,21.0,10.5,0.9181
266300,Mark 38,Mark 14,HYDROGEL_PACK,XIRECS,9999.0,4,1,sell,Mark 38,9983,13,9999,13,9991.0,16,13,-13,40.0,-40.0,9994.0,5.0,-3.0,9994.0,5.0,-3.0,9989.0,10.0,2.0,9992.0,7.0,-1.0,at_ask,16.0,8.0,0.9835
266600,Mark 38,Mark 14,HYDROGEL_PACK,XIRECS,9997.0,4,1,sell,Mark 38,9981,11,9997,11,9989.0,16,11,-11,36.0,-36.0,9991.0,6.0,-2.0,9991.0,6.0,-2.0,9992.0,5.0,-3.0,9990.0,7.0,-1.0,at_ask,16.0,8.0,0.9835
267400,Mark 55,Mark 14,VELVETFRUIT_EXTRACT,XIRECS,5253.0,3,1,sell,Mark 55,5248,16,5253,16,5250.5,5,16,-16,46.0,-46.0,5250.0,3.0,0.5,5250.0,3.0,0.5,5249.0,4.0,1.5,5247.5,5.5,3.0,at_ask,5.0,2.5,0.8202
268300,Mark 38,Mark 14,VEV_4000,XIRECS,1257.0,2,1,sell,Mark 38,1236,8,1257,8,1246.5,21,8,-8,31.0,-31.0,1246.5,10.5,0.0,1246.5,10.5,0.0,1246.5,10.5,0.0,1246.5,10.5,0.0,at_ask,21.0,10.5,0.9181
268700,Mark 55,Mark 14,VELVETFRUIT_EXTRACT,XIRECS,5251.0,5,1,sell,Mark 55,5246,15,5251,15,5248.5,5,15,-15,63.0,-63.0,5246.5,4.5,2.0,5246.5,4.5,2.0,5247.5,3.5,1.0,5250.0,1.0,-1.5,at_ask,5.0,2.5,0.8202
269300,Mark 14,Mark 38,HYDROGEL_PACK,XIRECS,9973.0,3,1,buy,Mark 38,9973,11,9989,11,9981.0,16,11,-11,41.0,-41.0,9983.0,10.0,2.0,9983.0,10.0,2.0,9979.0,6.0,-2.0,9982.0,9.0,1.0,at_bid,16.0,8.0,0.9835
271600,Mark 14,Mark 38,VEV_4000,XIRECS,1248.0,1,1,buy,Mark 38,1248,12,1269,12,1258.5,21,12,-12,41.0,-41.0,1260.5,12.5,2.0,1260.5,12.5,2.0,1259.0,11.0,0.5,1259.5,11.5,1.0,at_bid,21.0,10.5,0.9181
274600,Mark 38,Mark 14,HYDROGEL_PACK,XIRECS,9989.0,2,1,sell,Mark 38,9974,11,9989,11,9981.5,15,11,-11,37.0,-37.0,9981.0,8.0,0.5,9981.0,8.0,0.5,9981.0,8.0,0.5,9984.5,4.5,-3.0,at_ask,15.0,7.5,0.0611
275700,Mark 38,Mark 14,HYDROGEL_PACK,XIRECS,9996.0,2,1,sell,Mark 38,9980,12,9996,12,9988.0,16,12,-12,33.0,-33.0,9986.0,10.0,2.0,9986.0,10.0,2.0,9985.0,11.0,3.0,9984.0,12.0,4.0,at_ask,16.0,8.0,0.9835
276500,Mark 55,Mark 14,VELVETFRUIT_EXTRACT,XIRECS,5255.0,7,1,sell,Mark 55,5253,10,5255,15,5254.0,2,10,-15,64.0,-54.0,5252.5,2.5,1.5,5252.5,2.5,1.5,5252.5,2.5,1.5,5251.5,3.5,2.5,at_ask,2.0,1.0,0.0411
277400,Mark 55,Mark 14,VELVETFRUIT_EXTRACT,XIRECS,5254.0,4,1,sell,Mark 55,5249,59,5254,22,5251.5,5,59,-22,59.0,-59.0,5251.0,3.0,0.5,5251.0,3.0,0.5,5251.5,2.5,0.0,5253.0,1.0,-1.5,at_ask,5.0,2.5,0.8202
278300,Mark 55,Mark 14,VELVETFRUIT_EXTRACT,XIRECS,5258.0,5,1,sell,Mark 55,5253,16,5258,16,5255.5,5,16,-16,57.0,-57.0,5254.5,3.5,1.0,5254.5,3.5,1.0,5255.5,2.5,0.0,5256.5,1.5,-1.0,at_ask,5.0,2.5,0.8202
280500,Mark 38,Mark 14,HYDROGEL_PACK,XIRECS,9973.0,2,1,sell,Mark 38,9957,11,9973,11,9965.0,16,11,-11,34.0,-34.0,9962.0,11.0,3.0,9962.0,11.0,3.0,9964.0,9.0,1.0,9960.0,13.0,5.0,at_ask,16.0,8.0,0.9835
281100,Mark 14,Mark 38,HYDROGEL_PACK,XIRECS,9952.0,3,1,buy,Mark 38,9952,11,9968,11,9960.0,16,11,-11,41.0,-41.0,9958.5,6.5,-1.5,9958.5,6.5,-1.5,9962.0,10.0,2.0,9964.0,12.0,4.0,at_bid,16.0,8.0,0.9835
281500,Mark 38,Mark 14,VEV_4000,XIRECS,1267.0,1,1,sell,Mark 38,1246,9,1267,9,1256.5,21,9,-9,35.0,-35.0,1257.5,9.5,-1.0,1257.5,9.5,-1.0,1256.5,10.5,0.0,1257.5,9.5,-1.0,at_ask,21.0,10.5,0.9181
282200,Mark 38,Mark 14,HYDROGEL_PACK,XIRECS,9979.0,2,1,sell,Mark 38,9963,11,9979,11,9971.0,16,11,-11,35.0,-35.0,9973.0,6.0,-2.0,9973.0,6.0,-2.0,9972.0,7.0,-1.0,9969.0,10.0,2.0,at_ask,16.0,8.0,0.9835
282200,Mark 14,Mark 55,VELVETFRUIT_EXTRACT,XIRECS,5260.0,7,1,buy,Mark 55,5260,20,5265,56,5262.5,5,20,-56,56.0,-56.0,5260.0,0.0,-2.5,5260.0,0.0,-2.5,5260.5,0.5,-2.0,5260.0,0.0,-2.5,at_bid,5.0,2.5,0.8202
283400,Mark 55,Mark 14,VELVETFRUIT_EXTRACT,XIRECS,5259.0,7,1,sell,Mark 55,5254,48,5259,17,5256.5,5,48,-17,48.0,-48.0,5256.5,2.5,0.0,5256.5,2.5,0.0,5256.5,2.5,0.0,5260.5,-1.5,-4.0,at_ask,5.0,2.5,0.8202
285400,Mark 14,Mark 38,HYDROGEL_PACK,XIRECS,9965.0,5,1,buy,Mark 38,9965,14,9981,14,9973.0,16,14,-14,40.0,-40.0,9972.0,7.0,-1.0,9972.0,7.0,-1.0,9974.0,9.0,1.0,9978.0,13.0,5.0,at_bid,16.0,8.0,0.9835
286600,Mark 38,Mark 14,VEV_4000,XIRECS,1277.0,2,1,sell,Mark 38,1256,14,1277,14,1266.5,21,14,-14,29.0,-29.0,1267.0,10.0,-0.5,1267.0,10.0,-0.5,1265.5,11.5,1.0,1267.5,9.5,-1.0,at_ask,21.0,10.5,0.9181
288800,Mark 38,Mark 14,VEV_4000,XIRECS,1278.0,1,1,sell,Mark 38,1257,8,1278,8,1267.5,21,8,-8,34.0,-34.0,1268.0,10.0,-0.5,1268.0,10.0,-0.5,1268.5,9.5,-1.0,1267.0,11.0,0.5,at_ask,21.0,10.5,0.9181
289100,Mark 55,Mark 14,VELVETFRUIT_EXTRACT,XIRECS,5271.0,5,1,sell,Mark 55,5266,17,5271,17,5268.5,5,17,-17,60.0,-60.0,5265.5,5.5,3.0,5265.5,5.5,3.0,5267.0,4.0,1.5,5268.0,3.0,0.5,at_ask,5.0,2.5,0.8202
290900,Mark 38,Mark 14,HYDROGEL_PACK,XIRECS,9965.0,3,1,sell,Mark 38,9949,13,9965,13,9957.0,16,13,-13,35.0,-35.0,9956.0,9.0,1.0,9956.0,9.0,1.0,9958.0,7.0,-1.0,9954.0,11.0,3.0,at_ask,16.0,8.0,0.9835
292800,Mark 14,Mark 38,HYDROGEL_PACK,XIRECS,9951.0,6,1,buy,Mark 38,9951,13,9967,13,9959.0,16,13,-13,41.0,-41.0,9960.0,9.0,1.0,9960.0,9.0,1.0,9962.0,11.0,3.0,9961.0,10.0,2.0,at_bid,16.0,8.0,0.9835
295000,Mark 38,Mark 14,HYDROGEL_PACK,XIRECS,9959.0,5,1,sell,Mark 38,9943,11,9959,11,9951.0,16,11,-11,38.0,-38.0,9950.0,9.0,1.0,9950.0,9.0,1.0,9950.5,8.5,0.5,9953.0,6.0,-2.0,at_ask,16.0,8.0,0.9835
297100,Mark 38,Mark 14,HYDROGEL_PACK,XIRECS,9958.0,3,1,sell,Mark 38,9942,14,9958,14,9950.0,16,14,-14,44.0,-44.0,9949.0,9.0,1.0,9949.0,9.0,1.0,9949.5,8.5,0.5,9949.0,9.0,1.0,at_ask,16.0,8.0,0.9835
297400,Mark 55,Mark 14,VELVETFRUIT_EXTRACT,XIRECS,5275.0,4,1,sell,Mark 55,5270,52,5275,16,5272.5,5,52,-16,52.0,-52.0,5272.5,2.5,0.0,5272.5,2.5,0.0,5272.5,2.5,0.0,5271.0,4.0,1.5,at_ask,5.0,2.5,0.8202
297500,Mark 14,Mark 38,VEV_4000,XIRECS,1262.0,1,1,buy,Mark 38,1262,11,1284,11,1273.0,22,11,-11,26.0,-26.0,1272.5,10.5,-0.5,1272.5,10.5,-0.5,1271.5,9.5,-1.5,1270.5,8.5,-2.5,at_bid,22.0,11.0,1.0
301100,Mark 38,Mark 14,HYDROGEL_PACK,XIRECS,9966.0,3,1,sell,Mark 38,9950,13,9966,13,9958.0,16,13,-13,42.0,-42.0,9959.0,7.0,-1.0,9959.0,7.0,-1.0,9959.0,7.0,-1.0,9953.5,12.5,4.5,at_ask,16.0,8.0,0.9835
301300,Mark 38,Mark 14,HYDROGEL_PACK,XIRECS,9967.0,2,1,sell,Mark 38,9951,13,9967,13,9959.0,16,13,-13,40.0,-40.0,9956.0,11.0,3.0,9956.0,11.0,3.0,9954.0,13.0,5.0,9948.0,19.0,11.0,at_ask,16.0,8.0,0.9835
302400,Mark 14,Mark 38,HYDROGEL_PACK,XIRECS,9936.0,6,1,buy,Mark 38,9936,13,9952,13,9944.0,16,13,-13,37.0,-37.0,9945.0,9.0,1.0,9945.0,9.0,1.0,9945.0,9.0,1.0,9944.0,8.0,0.0,at_bid,16.0,8.0,0.9835
304200,Mark 14,Mark 38,HYDROGEL_PACK,XIRECS,9944.0,2,1,buy,Mark 38,9944,10,9960,10,9952.0,16,10,-10,36.0,-36.0,9952.0,8.0,0.0,9952.0,8.0,0.0,9953.0,9.0,1.0,9959.0,15.0,7.0,at_bid,16.0,8.0,0.9835
306500,Mark 38,Mark 14,HYDROGEL_PACK,XIRECS,9967.0,5,1,sell,Mark 38,9951,11,9967,11,9959.0,16,11,-11,37.0,-37.0,9961.0,6.0,-2.0,9961.0,6.0,-2.0,9959.5,7.5,-0.5,9961.0,6.0,-2.0,at_ask,16.0,8.0,0.9835
307100,Mark 38,Mark 14,VEV_4000,XIRECS,1279.0,1,1,sell,Mark 38,1258,14,1279,14,1268.5,21,14,-14,36.0,-36.0,1271.0,8.0,-2.5,1271.0,8.0,-2.5,1272.0,7.0,-3.5,1271.0,8.0,-2.5,at_ask,21.0,10.5,0.9181
308000,Mark 14,Mark 38,HYDROGEL_PACK,XIRECS,9943.0,3,1,buy,Mark 38,9943,12,9959,12,9951.0,16,12,-12,42.0,-42.0,9953.0,10.0,2.0,9953.0,10.0,2.0,9955.0,12.0,4.0,9951.0,8.0,0.0,at_bid,16.0,8.0,0.9835
308100,Mark 14,Mark 38,HYDROGEL_PACK,XIRECS,9945.0,4,1,buy,Mark 38,9945,11,9961,11,9953.0,16,11,-11,32.0,-32.0,9955.0,10.0,2.0,9955.0,10.0,2.0,9953.0,8.0,0.0,9952.0,7.0,-1.0,at_bid,16.0,8.0,0.9835
310100,Mark 14,Mark 22,VEV_5400,XIRECS,20.0,5,1,buy,Mark 22,20,5,21,20,20.5,1,5,-20,15.0,-20.0,20.0,0.0,-0.5,20.0,0.0,-0.5,20.0,0.0,-0.5,20.0,0.0,-0.5,at_bid,1.0,0.5,0.6136
310600,Mark 14,Mark 55,VELVETFRUIT_EXTRACT,XIRECS,5264.0,3,1,buy,Mark 55,5264,16,5269,16,5266.5,5,16,-16,55.0,-55.0,5265.5,1.5,-1.0,5265.5,1.5,-1.0,5266.5,2.5,0.0,5264.5,0.5,-2.0,at_bid,5.0,2.5,0.8202
314500,Mark 14,Mark 55,VELVETFRUIT_EXTRACT,XIRECS,5251.0,4,1,buy,Mark 55,5251,24,5256,54,5253.5,5,24,-54,54.0,-54.0,5252.5,1.5,-1.0,5252.5,1.5,-1.0,5252.5,1.5,-1.0,5250.5,-0.5,-3.0,at_bid,5.0,2.5,0.8202
316200,Mark 38,Mark 14,HYDROGEL_PACK,XIRECS,9939.0,5,1,sell,Mark 38,9923,14,9939,14,9931.0,16,14,-14,42.0,-42.0,9928.0,11.0,3.0,9928.0,11.0,3.0,9930.0,9.0,1.0,9930.0,9.0,1.0,at_ask,16.0,8.0,0.9835
317100,Mark 14,Mark 38,HYDROGEL_PACK,XIRECS,9929.0,4,1,buy,Mark 38,9929,14,9945,14,9937.0,16,14,-14,35.0,-35.0,9939.0,10.0,2.0,9939.0,10.0,2.0,9940.0,11.0,3.0,9943.0,14.0,6.0,at_bid,16.0,8.0,0.9835
318300,Mark 38,Mark 14,HYDROGEL_PACK,XIRECS,9950.0,4,1,sell,Mark 38,9934,10,9950,10,9942.0,16,10,-10,30.0,-30.0,9937.0,13.0,5.0,9937.0,13.0,5.0,9941.0,9.0,1.0,9939.0,11.0,3.0,at_ask,16.0,8.0,0.9835
318900,Mark 55,Mark 14,VELVETFRUIT_EXTRACT,XIRECS,5250.0,4,1,sell,Mark 55,5245,55,5250,23,5247.5,5,55,-23,55.0,-55.0,5247.5,2.5,0.0,5247.5,2.5,0.0,5245.5,4.5,2.0,5248.5,1.5,-1.0,at_ask,5.0,2.5,0.8202
321900,Mark 55,Mark 14,VELVETFRUIT_EXTRACT,XIRECS,5253.0,7,1,sell,Mark 55,5248,62,5253,20,5250.5,5,62,-20,62.0,-62.0,5252.5,0.5,-2.0,5252.5,0.5,-2.0,5253.5,-0.5,-3.0,5253.5,-0.5,-3.0,at_ask,5.0,2.5,0.8202
322600,Mark 14,Mark 22,VEV_5200,XIRECS,98.0,4,1,buy,Mark 22,98,5,100,9,99.0,2,5,-9,23.0,-27.0,99.5,1.5,0.5,99.5,1.5,0.5,98.5,0.5,-0.5,99.5,1.5,0.5,at_bid,2.0,1.0,0.1432
323300,Mark 38,Mark 14,HYDROGEL_PACK,XIRECS,9956.0,5,1,sell,Mark 38,9940,12,9956,12,9948.0,16,12,-12,38.0,-38.0,9947.0,9.0,1.0,9947.0,9.0,1.0,9946.0,10.0,2.0,9941.0,15.0,7.0,at_ask,16.0,8.0,0.9835
323300,Mark 38,Mark 14,VEV_4000,XIRECS,1262.0,3,1,sell,Mark 38,1241,15,1262,15,1251.5,21,15,-15,37.0,-37.0,1252.5,9.5,-1.0,1252.5,9.5,-1.0,1252.5,9.5,-1.0,1252.5,9.5,-1.0,at_ask,21.0,10.5,0.9181
324100,Mark 55,Mark 14,VELVETFRUIT_EXTRACT,XIRECS,5254.0,7,1,sell,Mark 55,5249,15,5254,15,5251.5,5,15,-15,57.0,-57.0,5251.5,2.5,0.0,5251.5,2.5,0.0,5251.5,2.5,0.0,5249.5,4.5,2.0,at_ask,5.0,2.5,0.8202
324600,Mark 38,Mark 14,HYDROGEL_PACK,XIRECS,9946.0,6,1,sell,Mark 38,9930,12,9946,12,9938.0,16,12,-12,35.0,-35.0,9940.0,6.0,-2.0,9940.0,6.0,-2.0,9941.0,5.0,-3.0,9944.0,2.0,-6.0,at_ask,16.0,8.0,0.9835
325300,Mark 14,Mark 38,VEV_4000,XIRECS,1237.0,2,1,buy,Mark 38,1237,14,1258,14,1247.5,21,14,-14,40.0,-40.0,1248.5,11.5,1.0,1248.5,11.5,1.0,1249.5,12.5,2.0,1250.5,13.5,3.0,at_bid,21.0,10.5,0.9181
326300,Mark 38,Mark 14,VEV_4000,XIRECS,1261.0,1,1,sell,Mark 38,1240,10,1261,10,1250.5,21,10,-10,38.0,-38.0,1249.5,11.5,1.0,1249.5,11.5,1.0,1250.5,10.5,0.0,1252.5,8.5,-2.0,at_ask,21.0,10.5,0.9181
327600,Mark 14,Mark 38,HYDROGEL_PACK,XIRECS,9928.0,5,1,buy,Mark 38,9928,13,9944,13,9936.0,16,13,-13,41.0,-41.0,9938.0,10.0,2.0,9938.0,10.0,2.0,9935.0,7.0,-1.0,9940.0,12.0,4.0,at_bid,16.0,8.0,0.9835
327700,Mark 38,Mark 14,HYDROGEL_PACK,XIRECS,9946.0,6,1,sell,Mark 38,9930,13,9946,13,9938.0,16,13,-13,36.0,-36.0,9935.0,11.0,3.0,9935.0,11.0,3.0,9936.0,10.0,2.0,9943.0,3.0,-5.0,at_ask,16.0,8.0,0.9835
328000,Mark 14,Mark 38,VEV_4000,XIRECS,1243.0,1,1,buy,Mark 38,1243,15,1264,15,1253.5,21,15,-15,45.0,-45.0,1252.5,9.5,-1.0,1252.5,9.5,-1.0,1252.5,9.5,-1.0,1251.5,8.5,-2.0,at_bid,21.0,10.5,0.9181
328400,Mark 14,Mark 38,VEV_4000,XIRECS,1240.0,1,1,buy,Mark 38,1240,10,1261,10,1250.5,21,10,-10,31.0,-31.0,1251.5,11.5,1.0,1251.5,11.5,1.0,1250.5,10.5,0.0,1248.5,8.5,-2.0,at_bid,21.0,10.5,0.9181
328500,Mark 14,Mark 55,VELVETFRUIT_EXTRACT,XIRECS,5249.0,4,1,buy,Mark 55,5249,22,5254,64,5251.5,5,22,-64,64.0,-64.0,5250.5,1.5,-1.0,5250.5,1.5,-1.0,5251.5,2.5,0.0,5249.5,0.5,-2.0,at_bid,5.0,2.5,0.8202
331400,Mark 14,Mark 38,VEV_4000,XIRECS,1232.0,1,1,buy,Mark 38,1232,8,1253,8,1242.5,21,8,-8,31.0,-31.0,1241.5,9.5,-1.0,1241.5,9.5,-1.0,1240.5,8.5,-2.0,1241.5,9.5,-1.0,at_bid,21.0,10.5,0.9181
334900,Mark 14,Mark 38,VEV_4000,XIRECS,1237.0,1,1,buy,Mark 38,1237,14,1258,14,1247.5,21,14,-14,33.0,-33.0,1248.5,11.5,1.0,1248.5,11.5,1.0,1249.5,12.5,2.0,1248.5,11.5,1.0,at_bid,21.0,10.5,0.9181
335300,Mark 14,Mark 38,HYDROGEL_PACK,XIRECS,9943.0,5,1,buy,Mark 38,9943,14,9959,14,9951.0,16,14,-14,35.0,-35.0,9950.0,7.0,-1.0,9950.0,7.0,-1.0,9953.0,10.0,2.0,9946.0,3.0,-5.0,at_bid,16.0,8.0,0.9835
335500,Mark 38,Mark 14,HYDROGEL_PACK,XIRECS,9961.0,4,1,sell,Mark 38,9945,14,9961,14,9953.0,16,14,-14,37.0,-37.0,9949.0,12.0,4.0,9949.0,12.0,4.0,9946.0,15.0,7.0,9946.0,15.0,7.0,at_ask,16.0,8.0,0.9835
338100,Mark 14,Mark 38,HYDROGEL_PACK,XIRECS,9931.0,3,1,buy,Mark 38,9931,15,9947,15,9939.0,16,15,-15,39.0,-39.0,9939.0,8.0,0.0,9939.0,8.0,0.0,9939.0,8.0,0.0,9936.0,5.0,-3.0,at_bid,16.0,8.0,0.9835
339500,Mark 14,Mark 38,HYDROGEL_PACK,XIRECS,9932.0,3,1,buy,Mark 38,9932,11,9948,11,9940.0,16,11,-11,33.0,-33.0,9942.5,10.5,2.5,9942.5,10.5,2.5,9943.0,11.0,3.0,9941.0,9.0,1.0,at_bid,16.0,8.0,0.9835
340100,Mark 38,Mark 14,VEV_4000,XIRECS,1260.0,2,1,sell,Mark 38,1239,9,1260,9,1249.5,21,9,-9,31.0,-31.0,1249.5,10.5,0.0,1249.5,10.5,0.0,1251.5,8.5,-2.0,1250.5,9.5,-1.0,at_ask,21.0,10.5,0.9181
342000,Mark 14,Mark 55,VELVETFRUIT_EXTRACT,XIRECS,5249.0,6,1,buy,Mark 55,5249,21,5254,56,5251.5,5,21,-56,56.0,-56.0,5251.5,2.5,0.0,5251.5,2.5,0.0,5251.5,2.5,0.0,5249.5,0.5,-2.0,at_bid,5.0,2.5,0.8202
342400,Mark 14,Mark 38,HYDROGEL_PACK,XIRECS,9944.0,5,1,buy,Mark 38,9944,11,9960,11,9952.0,16,11,-11,35.0,-35.0,9956.0,12.0,4.0,9956.0,12.0,4.0,9957.0,13.0,5.0,9961.0,17.0,9.0,at_bid,16.0,8.0,0.9835
343100,Mark 38,Mark 14,HYDROGEL_PACK,XIRECS,9966.0,2,1,sell,Mark 38,9950,15,9966,15,9958.0,16,15,-15,43.0,-43.0,9957.5,8.5,0.5,9957.5,8.5,0.5,9957.0,9.0,1.0,9958.0,8.0,0.0,at_ask,16.0,8.0,0.9835
344000,Mark 14,Mark 38,HYDROGEL_PACK,XIRECS,9953.0,5,1,buy,Mark 38,9953,14,9969,14,9961.0,16,14,-14,34.0,-34.0,9961.0,8.0,0.0,9961.0,8.0,0.0,9963.0,10.0,2.0,9962.0,9.0,1.0,at_bid,16.0,8.0,0.9835
345700,Mark 38,Mark 14,HYDROGEL_PACK,XIRECS,9957.0,6,1,sell,Mark 38,9941,10,9957,10,9949.0,16,10,-10,36.0,-36.0,9949.0,8.0,0.0,9949.0,8.0,0.0,9950.0,7.0,-1.0,9950.0,7.0,-1.0,at_ask,16.0,8.0,0.9835
345700,Mark 14,Mark 55,VELVETFRUIT_EXTRACT,XIRECS,5245.0,7,1,buy,Mark 55,5245,22,5250,67,5247.5,5,22,-67,67.0,-67.0,5246.5,1.5,-1.0,5246.5,1.5,-1.0,5246.5,1.5,-1.0,5246.5,1.5,-1.0,at_bid,5.0,2.5,0.8202
345900,Mark 38,Mark 14,HYDROGEL_PACK,XIRECS,9958.0,3,1,sell,Mark 38,9942,10,9958,10,9950.0,16,10,-10,31.0,-31.0,9948.0,10.0,2.0,9948.0,10.0,2.0,9948.5,9.5,1.5,9957.0,1.0,-7.0,at_ask,16.0,8.0,0.9835
348500,Mark 14,Mark 38,HYDROGEL_PACK,XIRECS,9964.0,5,1,buy,Mark 38,9964,14,9980,14,9972.0,16,14,-14,40.0,-40.0,9974.0,10.0,2.0,9974.0,10.0,2.0,9975.0,11.0,3.0,9973.0,9.0,1.0,at_bid,16.0,8.0,0.9835
350900,Mark 38,Mark 14,VEV_4000,XIRECS,1256.0,3,1,sell,Mark 38,1235,7,1256,7,1245.5,21,7,-7,30.0,-30.0,1244.5,11.5,1.0,1244.5,11.5,1.0,1245.5,10.5,0.0,1243.5,12.5,2.0,at_ask,21.0,10.5,0.9181
351000,Mark 38,Mark 14,HYDROGEL_PACK,XIRECS,9973.0,3,1,sell,Mark 38,9957,11,9973,11,9965.0,16,11,-11,39.0,-39.0,9964.0,9.0,1.0,9964.0,9.0,1.0,9960.0,13.0,5.0,9962.0,11.0,3.0,at_ask,16.0,8.0,0.9835
356800,Mark 14,Mark 38,VEV_4000,XIRECS,1234.0,2,1,buy,Mark 38,1234,7,1255,7,1244.5,21,7,-7,24.0,-24.0,1245.0,11.0,0.5,1245.0,11.0,0.5,1245.5,11.5,1.0,1243.5,9.5,-1.0,at_bid,21.0,10.5,0.9181
357100,Mark 38,Mark 14,HYDROGEL_PACK,XIRECS,9963.0,6,1,sell,Mark 38,9947,10,9963,10,9955.0,16,10,-10,30.0,-30.0,9955.0,8.0,0.0,9955.0,8.0,0.0,9956.0,7.0,-1.0,9956.0,7.0,-1.0,at_ask,16.0,8.0,0.9835
358100,Mark 14,Mark 55,VELVETFRUIT_EXTRACT,XIRECS,5245.0,6,1,buy,Mark 55,5245,25,5250,64,5247.5,5,25,-64,64.0,-64.0,5247.5,2.5,0.0,5247.5,2.5,0.0,5247.5,2.5,0.0,5247.5,2.5,0.0,at_bid,5.0,2.5,0.8202
358300,Mark 14,Mark 38,VEV_4000,XIRECS,1237.0,3,1,buy,Mark 38,1237,10,1258,10,1247.5,21,10,-10,36.0,-36.0,1247.5,10.5,0.0,1247.5,10.5,0.0,1247.5,10.5,0.0,1248.5,11.5,1.0,at_bid,21.0,10.5,0.9181
358500,Mark 38,Mark 14,HYDROGEL_PACK,XIRECS,9960.0,6,1,sell,Mark 38,9944,11,9960,11,9952.0,16,11,-11,36.0,-36.0,9954.0,6.0,-2.0,9954.0,6.0,-2.0,9955.0,5.0,-3.0,9951.0,9.0,1.0,at_ask,16.0,8.0,0.9835
360600,Mark 14,Mark 38,HYDROGEL_PACK,XIRECS,9951.0,2,1,buy,Mark 38,9951,14,9967,14,9959.0,16,14,-14,37.0,-37.0,9959.0,8.0,0.0,9959.0,8.0,0.0,9956.0,5.0,-3.0,9958.0,7.0,-1.0,at_bid,16.0,8.0,0.9835
362700,Mark 14,Mark 38,HYDROGEL_PACK,XIRECS,9961.0,3,1,buy,Mark 38,9961,15,9977,15,9969.0,16,15,-15,44.0,-44.0,9967.0,6.0,-2.0,9967.0,6.0,-2.0,9972.0,11.0,3.0,9973.0,12.0,4.0,at_bid,16.0,8.0,0.9835
363100,Mark 38,Mark 14,HYDROGEL_PACK,XIRECS,9983.0,4,1,sell,Mark 38,9967,14,9983,14,9975.0,16,14,-14,44.0,-44.0,9973.0,10.0,2.0,9973.0,10.0,2.0,9972.0,11.0,3.0,9967.0,16.0,8.0,at_ask,16.0,8.0,0.9835
364800,Mark 38,Mark 14,HYDROGEL_PACK,XIRECS,9978.0,5,1,sell,Mark 38,9962,11,9978,11,9970.0,16,11,-11,32.0,-32.0,9973.0,5.0,-3.0,9973.0,5.0,-3.0,9974.0,4.0,-4.0,9971.5,6.5,-1.5,at_ask,16.0,8.0,0.9835
364900,Mark 14,Mark 55,VELVETFRUIT_EXTRACT,XIRECS,5251.0,7,1,buy,Mark 55,5251,22,5256,58,5253.5,5,22,-58,58.0,-58.0,5252.5,1.5,-1.0,5252.5,1.5,-1.0,5252.5,1.5,-1.0,5253.5,2.5,0.0,at_bid,5.0,2.5,0.8202
365000,Mark 14,Mark 38,VEV_4000,XIRECS,1242.0,2,1,buy,Mark 38,1242,8,1263,8,1252.5,21,8,-8,30.0,-30.0,1252.5,10.5,0.0,1252.5,10.5,0.0,1252.5,10.5,0.0,1253.5,11.5,1.0,at_bid,21.0,10.5,0.9181
365600,Mark 14,Mark 55,VELVETFRUIT_EXTRACT,XIRECS,5250.0,8,1,buy,Mark 55,5250,23,5255,55,5252.5,5,23,-55,55.0,-55.0,5251.5,1.5,-1.0,5251.5,1.5,-1.0,5252.5,2.5,0.0,5249.0,-1.0,-3.5,at_bid,5.0,2.5,0.8202
368500,Mark 38,Mark 14,HYDROGEL_PACK,XIRECS,9983.0,6,1,sell,Mark 38,9967,14,9983,14,9975.0,16,14,-14,44.0,-44.0,9973.0,10.0,2.0,9973.0,10.0,2.0,9973.0,10.0,2.0,9969.0,14.0,6.0,at_ask,16.0,8.0,0.9835
371400,Mark 14,Mark 38,HYDROGEL_PACK,XIRECS,9953.0,2,1,buy,Mark 38,9953,11,9969,11,9961.0,16,11,-11,38.0,-38.0,9959.0,6.0,-2.0,9959.0,6.0,-2.0,9957.0,4.0,-4.0,9966.0,13.0,5.0,at_bid,16.0,8.0,0.9835
373400,Mark 38,Mark 14,HYDROGEL_PACK,XIRECS,9970.0,3,1,sell,Mark 38,9954,13,9970,13,9962.0,16,13,-13,35.0,-35.0,9964.0,6.0,-2.0,9964.0,6.0,-2.0,9964.0,6.0,-2.0,9963.0,7.0,-1.0,at_ask,16.0,8.0,0.9835
373700,Mark 14,Mark 38,HYDROGEL_PACK,XIRECS,9954.0,5,1,buy,Mark 38,9954,14,9970,14,9962.0,16,14,-14,36.0,-36.0,9960.0,6.0,-2.0,9960.0,6.0,-2.0,9963.0,9.0,1.0,9961.0,7.0,-1.0,at_bid,16.0,8.0,0.9835
374100,Mark 14,Mark 55,VELVETFRUIT_EXTRACT,XIRECS,5253.0,6,1,buy,Mark 55,5253,21,5258,60,5255.5,5,21,-60,60.0,-60.0,5255.5,2.5,0.0,5255.5,2.5,0.0,5254.5,1.5,-1.0,5254.0,1.0,-1.5,at_bid,5.0,2.5,0.8202
374400,Mark 14,Mark 55,VELVETFRUIT_EXTRACT,XIRECS,5253.0,4,1,buy,Mark 55,5253,16,5258,16,5255.5,5,16,-16,62.0,-62.0,5254.0,1.0,-1.5,5254.0,1.0,-1.5,5254.0,1.0,-1.5,5251.5,-1.5,-4.0,at_bid,5.0,2.5,0.8202
374800,Mark 14,Mark 38,VEV_4000,XIRECS,1242.0,3,1,buy,Mark 38,1242,14,1263,14,1252.5,21,14,-14,42.0,-42.0,1251.5,9.5,-1.0,1251.5,9.5,-1.0,1251.5,9.5,-1.0,1251.5,9.5,-1.0,at_bid,21.0,10.5,0.9181
375100,Mark 14,Mark 38,HYDROGEL_PACK,XIRECS,9947.0,2,1,buy,Mark 38,9947,12,9963,12,9955.0,16,12,-12,42.0,-42.0,9958.0,11.0,3.0,9958.0,11.0,3.0,9959.0,12.0,4.0,9961.0,14.0,6.0,at_bid,16.0,8.0,0.9835
376300,Mark 14,Mark 38,VEV_4000,XIRECS,1236.0,2,1,buy,Mark 38,1236,13,1257,13,1246.5,21,13,-13,32.0,-32.0,1247.5,11.5,1.0,1247.5,11.5,1.0,1245.5,9.5,-1.0,1246.5,10.5,0.0,at_bid,21.0,10.5,0.9181
377900,Mark 14,Mark 22,VEV_5300,XIRECS,47.0,2,1,buy,Mark 22,47,6,49,20,48.0,2,6,-20,18.0,-20.0,48.0,1.0,0.0,48.0,1.0,0.0,48.0,1.0,0.0,48.0,1.0,0.0,at_bid,2.0,1.0,0.8697
380100,Mark 38,Mark 14,HYDROGEL_PACK,XIRECS,9957.0,6,1,sell,Mark 38,9941,15,9957,15,9949.0,16,15,-15,37.0,-37.0,9947.0,10.0,2.0,9947.0,10.0,2.0,9948.0,9.0,1.0,9937.0,20.0,12.0,at_ask,16.0,8.0,0.9835
380700,Mark 38,Mark 14,HYDROGEL_PACK,XIRECS,9948.0,4,1,sell,Mark 38,9932,12,9948,12,9940.0,16,12,-12,39.0,-39.0,9939.0,9.0,1.0,9939.0,9.0,1.0,9941.0,7.0,-1.0,9942.0,6.0,-2.0,at_ask,16.0,8.0,0.9835
381700,Mark 55,Mark 14,VELVETFRUIT_EXTRACT,XIRECS,5255.0,8,1,sell,Mark 55,5250,23,5255,23,5252.5,5,23,-23,60.0,-60.0,5251.5,3.5,1.0,5251.5,3.5,1.0,5251.0,4.0,1.5,5252.5,2.5,0.0,at_ask,5.0,2.5,0.8202
383300,Mark 38,Mark 14,HYDROGEL_PACK,XIRECS,9945.0,5,1,sell,Mark 38,9929,11,9945,11,9937.0,16,11,-11,36.0,-36.0,9935.0,10.0,2.0,9935.0,10.0,2.0,9937.0,8.0,0.0,9939.0,6.0,-2.0,at_ask,16.0,8.0,0.9835
383600,Mark 38,Mark 14,HYDROGEL_PACK,XIRECS,9948.0,4,1,sell,Mark 38,9932,14,9948,14,9940.0,16,14,-14,43.0,-43.0,9939.5,8.5,0.5,9939.5,8.5,0.5,9939.0,9.0,1.0,9941.0,7.0,-1.0,at_ask,16.0,8.0,0.9835
383700,Mark 14,Mark 55,VELVETFRUIT_EXTRACT,XIRECS,5246.0,7,1,buy,Mark 55,5246,18,5251,54,5248.5,5,18,-54,54.0,-54.0,5249.5,3.5,1.0,5249.5,3.5,1.0,5250.5,4.5,2.0,5249.5,3.5,1.0,at_bid,5.0,2.5,0.8202
384200,Mark 14,Mark 38,VEV_4000,XIRECS,1239.0,1,1,buy,Mark 38,1239,7,1260,7,1249.5,21,7,-7,25.0,-25.0,1247.5,8.5,-2.0,1247.5,8.5,-2.0,1248.5,9.5,-1.0,1247.5,8.5,-2.0,at_bid,21.0,10.5,0.9181
384500,Mark 14,Mark 38,VEV_4000,XIRECS,1238.0,3,1,buy,Mark 38,1238,14,1259,14,1248.5,21,14,-14,42.0,-42.0,1248.5,10.5,0.0,1248.5,10.5,0.0,1247.5,9.5,-1.0,1248.5,10.5,0.0,at_bid,21.0,10.5,0.9181
385800,Mark 38,Mark 14,HYDROGEL_PACK,XIRECS,9943.0,6,1,sell,Mark 38,9927,12,9943,12,9935.0,16,12,-12,34.0,-34.0,9931.0,12.0,4.0,9931.0,12.0,4.0,9933.5,9.5,1.5,9934.0,9.0,1.0,at_ask,16.0,8.0,0.9835
385900,Mark 14,Mark 55,VELVETFRUIT_EXTRACT,XIRECS,5245.0,3,1,buy,Mark 55,5245,24,5250,67,5247.5,5,24,-67,67.0,-67.0,5246.5,1.5,-1.0,5246.5,1.5,-1.0,5245.5,0.5,-2.0,5245.0,0.0,-2.5,at_bid,5.0,2.5,0.8202
386000,Mark 14,Mark 55,VELVETFRUIT_EXTRACT,XIRECS,5244.0,8,1,buy,Mark 55,5244,22,5249,55,5246.5,5,22,-55,55.0,-55.0,5245.5,1.5,-1.0,5245.5,1.5,-1.0,5246.0,2.0,-0.5,5245.5,1.5,-1.0,at_bid,5.0,2.5,0.8202
386800,Mark 38,Mark 14,VEV_4000,XIRECS,1257.0,2,1,sell,Mark 38,1236,9,1257,9,1246.5,21,9,-9,27.0,-27.0,1245.5,11.5,1.0,1245.5,11.5,1.0,1244.5,12.5,2.0,1246.5,10.5,0.0,at_ask,21.0,10.5,0.9181
390800,Mark 14,Mark 38,VEV_4000,XIRECS,1233.0,3,1,buy,Mark 38,1233,9,1254,9,1243.5,21,9,-9,33.0,-33.0,1245.5,12.5,2.0,1245.5,12.5,2.0,1244.5,11.5,1.0,1244.5,11.5,1.0,at_bid,21.0,10.5,0.9181
392300,Mark 14,Mark 55,VELVETFRUIT_EXTRACT,XIRECS,5242.0,5,1,buy,Mark 55,5242,21,5247,56,5244.5,5,21,-56,56.0,-56.0,5244.5,2.5,0.0,5244.5,2.5,0.0,5243.5,1.5,-1.0,5243.5,1.5,-1.0,at_bid,5.0,2.5,0.8202
394700,Mark 14,Mark 55,VELVETFRUIT_EXTRACT,XIRECS,5237.0,8,1,buy,Mark 55,5237,18,5242,57,5239.5,5,18,-57,57.0,-57.0,5240.5,3.5,1.0,5240.5,3.5,1.0,5240.5,3.5,1.0,5239.5,2.5,0.0,at_bid,5.0,2.5,0.8202
394800,Mark 14,Mark 38,HYDROGEL_PACK,XIRECS,9941.0,5,1,buy,Mark 38,9941,12,9957,12,9949.0,16,12,-12,34.0,-34.0,9949.0,8.0,0.0,9949.0,8.0,0.0,9949.0,8.0,0.0,9947.0,6.0,-2.0,at_bid,16.0,8.0,0.9835
396300,Mark 38,Mark 14,HYDROGEL_PACK,XIRECS,9956.0,4,1,sell,Mark 38,9941,13,9956,13,9948.5,15,13,-13,41.0,-41.0,9951.0,5.0,-2.5,9951.0,5.0,-2.5,9950.0,6.0,-1.5,9947.0,9.0,1.5,at_ask,15.0,7.5,0.0611
397800,Mark 38,Mark 14,HYDROGEL_PACK,XIRECS,9950.0,4,1,sell,Mark 38,9934,11,9950,11,9942.0,16,11,-11,40.0,-40.0,9943.0,7.0,-1.0,9943.0,7.0,-1.0,9940.0,10.0,2.0,9936.0,14.0,6.0,at_ask,16.0,8.0,0.9835
398400,Mark 14,Mark 55,VELVETFRUIT_EXTRACT,XIRECS,5235.0,6,1,buy,Mark 55,5235,25,5240,25,5237.5,5,25,-25,69.0,-69.0,5238.5,3.5,1.0,5238.5,3.5,1.0,5238.5,3.5,1.0,5238.5,3.5,1.0,at_bid,5.0,2.5,0.8202
399900,Mark 14,Mark 38,VEV_4000,XIRECS,1231.0,1,1,buy,Mark 38,1231,8,1252,8,1241.5,21,8,-8,26.0,-26.0,1246.5,15.5,5.0,1246.5,15.5,5.0,1242.5,11.5,1.0,1243.5,12.5,2.0,at_bid,21.0,10.5,0.9181
400100,Mark 14,Mark 55,VELVETFRUIT_EXTRACT,XIRECS,5240.0,8,1,buy,Mark 55,5240,15,5245,60,5242.5,5,15,-60,60.0,-60.0,5241.5,1.5,-1.0,5241.5,1.5,-1.0,5243.5,3.5,1.0,5243.5,3.5,1.0,at_bid,5.0,2.5,0.8202
402400,Mark 14,Mark 55,VELVETFRUIT_EXTRACT,XIRECS,5240.0,6,1,buy,Mark 55,5240,22,5245,58,5242.5,5,22,-58,58.0,-58.0,5241.5,1.5,-1.0,5241.5,1.5,-1.0,5241.5,1.5,-1.0,5244.0,4.0,1.5,at_bid,5.0,2.5,0.8202
403600,Mark 14,Mark 38,HYDROGEL_PACK,XIRECS,9922.0,6,1,buy,Mark 38,9922,14,9938,14,9930.0,16,14,-14,40.0,-40.0,9931.0,9.0,1.0,9931.0,9.0,1.0,9931.0,9.0,1.0,9928.0,6.0,-2.0,at_bid,16.0,8.0,0.9835
404200,Mark 55,Mark 14,VELVETFRUIT_EXTRACT,XIRECS,5247.0,4,1,sell,Mark 55,5242,55,5247,20,5244.5,5,55,-20,55.0,-55.0,5243.5,3.5,1.0,5243.5,3.5,1.0,5244.0,3.0,0.5,5243.5,3.5,1.0,at_ask,5.0,2.5,0.8202
406400,Mark 55,Mark 14,VELVETFRUIT_EXTRACT,XIRECS,5246.0,5,1,sell,Mark 55,5241,16,5246,16,5243.5,5,16,-16,58.0,-58.0,5243.0,3.0,0.5,5243.0,3.0,0.5,5243.5,2.5,0.0,5243.0,3.0,0.5,at_ask,5.0,2.5,0.8202
409300,Mark 14,Mark 38,HYDROGEL_PACK,XIRECS,9929.0,6,1,buy,Mark 38,9929,12,9945,12,9937.0,16,12,-12,33.0,-33.0,9938.0,9.0,1.0,9938.0,9.0,1.0,9942.0,13.0,5.0,9943.0,14.0,6.0,at_bid,16.0,8.0,0.9835
410600,Mark 55,Mark 14,VELVETFRUIT_EXTRACT,XIRECS,5239.0,6,1,sell,Mark 55,5234,61,5239,18,5236.5,5,61,-18,61.0,-61.0,5235.0,4.0,1.5,5235.0,4.0,1.5,5234.5,4.5,2.0,5235.0,4.0,1.5,at_ask,5.0,2.5,0.8202
411000,Mark 38,Mark 14,HYDROGEL_PACK,XIRECS,9951.0,4,1,sell,Mark 38,9935,11,9951,11,9943.0,16,11,-11,38.0,-38.0,9941.0,10.0,2.0,9941.0,10.0,2.0,9941.0,10.0,2.0,9945.0,6.0,-2.0,at_ask,16.0,8.0,0.9835
411400,Mark 38,Mark 14,HYDROGEL_PACK,XIRECS,9952.0,3,1,sell,Mark 38,9936,13,9952,13,9944.0,16,13,-13,41.0,-41.0,9945.0,7.0,-1.0,9945.0,7.0,-1.0,9944.0,8.0,0.0,9942.0,10.0,2.0,at_ask,16.0,8.0,0.9835
412300,Mark 38,Mark 14,HYDROGEL_PACK,XIRECS,9953.0,2,1,sell,Mark 38,9937,10,9953,10,9945.0,16,10,-10,34.0,-34.0,9944.0,9.0,1.0,9944.0,9.0,1.0,9945.0,8.0,0.0,9950.0,3.0,-5.0,at_ask,16.0,8.0,0.9835
414000,Mark 38,Mark 14,HYDROGEL_PACK,XIRECS,9962.0,2,1,sell,Mark 38,9946,13,9962,13,9954.0,16,13,-13,35.0,-35.0,9950.0,12.0,4.0,9950.0,12.0,4.0,9948.5,13.5,5.5,9955.0,7.0,-1.0,at_ask,16.0,8.0,0.9835
414400,Mark 14,Mark 38,HYDROGEL_PACK,XIRECS,9945.0,3,1,buy,Mark 38,9945,14,9961,14,9953.0,16,14,-14,34.0,-34.0,9955.0,10.0,2.0,9955.0,10.0,2.0,9952.0,7.0,-1.0,9949.0,4.0,-4.0,at_bid,16.0,8.0,0.9835
414800,Mark 14,Mark 38,HYDROGEL_PACK,XIRECS,9940.0,3,1,buy,Mark 38,9940,14,9956,14,9948.0,16,14,-14,41.0,-41.0,9949.0,9.0,1.0,9949.0,9.0,1.0,9949.0,9.0,1.0,9956.5,16.5,8.5,at_bid,16.0,8.0,0.9835
415700,Mark 55,Mark 14,VELVETFRUIT_EXTRACT,XIRECS,5234.0,3,1,sell,Mark 55,5229,16,5234,16,5231.5,5,16,-16,63.0,-63.0,5232.5,1.5,-1.0,5232.5,1.5,-1.0,5233.5,0.5,-2.0,5233.5,0.5,-2.0,at_ask,5.0,2.5,0.8202
419700,Mark 38,Mark 14,VEV_4000,XIRECS,1241.0,1,1,sell,Mark 38,1220,13,1241,13,1230.5,21,13,-13,43.0,-43.0,1228.0,13.0,2.5,1228.0,13.0,2.5,1228.5,12.5,2.0,1227.5,13.5,3.0,at_ask,21.0,10.5,0.9181
421500,Mark 14,Mark 38,HYDROGEL_PACK,XIRECS,9946.0,3,1,buy,Mark 38,9946,12,9962,12,9954.0,16,12,-12,42.0,-42.0,9955.0,9.0,1.0,9955.0,9.0,1.0,9955.0,9.0,1.0,9951.0,5.0,-3.0,at_bid,16.0,8.0,0.9835
424500,Mark 55,Mark 14,VELVETFRUIT_EXTRACT,XIRECS,5235.0,7,1,sell,Mark 55,5230,63,5235,15,5232.5,5,63,-15,63.0,-63.0,5232.5,2.5,0.0,5232.5,2.5,0.0,5233.0,2.0,-0.5,5234.5,0.5,-2.0,at_ask,5.0,2.5,0.8202
425400,Mark 38,Mark 14,VEV_4000,XIRECS,1246.0,1,1,sell,Mark 38,1226,13,1246,13,1236.0,20,13,-13,39.0,-39.0,1234.5,11.5,1.5,1234.5,11.5,1.5,1235.0,11.0,1.0,1234.0,12.0,2.0,at_ask,20.0,10.0,0.1244
426800,Mark 14,Mark 55,VELVETFRUIT_EXTRACT,XIRECS,5232.0,8,1,buy,Mark 55,5232,16,5237,52,5234.5,5,16,-52,52.0,-52.0,5233.5,1.5,-1.0,5233.5,1.5,-1.0,5234.5,2.5,0.0,5234.5,2.5,0.0,at_bid,5.0,2.5,0.8202
427000,Mark 14,Mark 38,HYDROGEL_PACK,XIRECS,9950.0,2,1,buy,Mark 38,9950,13,9966,13,9958.0,16,13,-13,42.0,-42.0,9959.0,9.0,1.0,9959.0,9.0,1.0,9958.0,8.0,0.0,9953.0,3.0,-5.0,at_bid,16.0,8.0,0.9835
427600,Mark 55,Mark 14,VELVETFRUIT_EXTRACT,XIRECS,5237.0,8,1,sell,Mark 55,5232,68,5237,21,5234.5,5,68,-21,68.0,-68.0,5234.5,2.5,0.0,5234.5,2.5,0.0,5232.5,4.5,2.0,5231.5,5.5,3.0,at_ask,5.0,2.5,0.8202
430200,Mark 55,Mark 14,VELVETFRUIT_EXTRACT,XIRECS,5230.0,3,1,sell,Mark 55,5225,65,5230,24,5227.5,5,65,-24,65.0,-65.0,5227.0,3.0,0.5,5227.0,3.0,0.5,5228.5,1.5,-1.0,5227.5,2.5,0.0,at_ask,5.0,2.5,0.8202
431700,Mark 55,Mark 14,VELVETFRUIT_EXTRACT,XIRECS,5233.0,4,1,sell,Mark 55,5228,19,5233,19,5230.5,5,19,-19,69.0,-69.0,5230.5,2.5,0.0,5230.5,2.5,0.0,5230.5,2.5,0.0,5229.5,3.5,1.0,at_ask,5.0,2.5,0.8202
432100,Mark 55,Mark 14,VELVETFRUIT_EXTRACT,XIRECS,5234.0,3,1,sell,Mark 55,5229,56,5234,17,5231.5,5,56,-17,56.0,-56.0,5229.5,4.5,2.0,5229.5,4.5,2.0,5230.5,3.5,1.0,5229.0,5.0,2.5,at_ask,5.0,2.5,0.8202
436200,Mark 38,Mark 14,HYDROGEL_PACK,XIRECS,9935.0,5,1,sell,Mark 38,9919,10,9935,10,9927.0,16,10,-10,33.0,-33.0,9926.5,8.5,0.5,9926.5,8.5,0.5,9925.0,10.0,2.0,9926.0,9.0,1.0,at_ask,16.0,8.0,0.9835
440300,Mark 38,Mark 14,HYDROGEL_PACK,XIRECS,9922.0,2,1,sell,Mark 38,9906,13,9922,13,9914.0,16,13,-13,37.0,-37.0,9917.0,5.0,-3.0,9917.0,5.0,-3.0,9914.0,8.0,0.0,9916.0,6.0,-2.0,at_ask,16.0,8.0,0.9835
441300,Mark 14,Mark 38,HYDROGEL_PACK,XIRECS,9902.0,2,1,buy,Mark 38,9902,10,9918,10,9910.0,16,10,-10,31.0,-31.0,9913.0,11.0,3.0,9913.0,11.0,3.0,9913.0,11.0,3.0,9913.0,11.0,3.0,at_bid,16.0,8.0,0.9835
443600,Mark 14,Mark 38,HYDROGEL_PACK,XIRECS,9908.0,2,1,buy,Mark 38,9908,15,9924,15,9916.0,16,15,-15,45.0,-45.0,9916.0,8.0,0.0,9916.0,8.0,0.0,9913.5,5.5,-2.5,9919.0,11.0,3.0,at_bid,16.0,8.0,0.9835
444000,Mark 14,Mark 38,VEV_4000,XIRECS,1230.0,3,1,buy,Mark 38,1230,8,1251,8,1240.5,21,8,-8,35.0,-35.0,1240.5,10.5,0.0,1240.5,10.5,0.0,1240.5,10.5,0.0,1241.5,11.5,1.0,at_bid,21.0,10.5,0.9181
445900,Mark 55,Mark 14,VELVETFRUIT_EXTRACT,XIRECS,5249.0,4,1,sell,Mark 55,5244,17,5249,17,5246.5,5,17,-17,52.0,-52.0,5247.5,1.5,-1.0,5247.5,1.5,-1.0,5247.5,1.5,-1.0,5248.5,0.5,-2.0,at_ask,5.0,2.5,0.8202
448700,Mark 14,Mark 38,VEV_4000,XIRECS,1238.0,3,1,buy,Mark 38,1238,15,1259,15,1248.5,21,15,-15,32.0,-32.0,1249.5,11.5,1.0,1249.5,11.5,1.0,1248.5,10.5,0.0,1245.5,7.5,-3.0,at_bid,21.0,10.5,0.9181
450000,Mark 14,Mark 38,HYDROGEL_PACK,XIRECS,9932.0,5,1,buy,Mark 38,9932,11,9948,11,9940.0,16,11,-11,31.0,-31.0,9942.0,10.0,2.0,9942.0,10.0,2.0,9940.0,8.0,0.0,9942.0,10.0,2.0,at_bid,16.0,8.0,0.9835
455400,Mark 38,Mark 14,VEV_4000,XIRECS,1257.0,1,1,sell,Mark 38,1236,15,1257,15,1246.5,21,15,-15,35.0,-35.0,1246.5,10.5,0.0,1246.5,10.5,0.0,1247.5,9.5,-1.0,1246.5,10.5,0.0,at_ask,21.0,10.5,0.9181
457700,Mark 14,Mark 38,HYDROGEL_PACK,XIRECS,9914.0,4,1,buy,Mark 38,9914,15,9930,15,9922.0,16,15,-15,44.0,-44.0,9922.0,8.0,0.0,9922.0,8.0,0.0,9920.0,6.0,-2.0,9922.0,8.0,0.0,at_bid,16.0,8.0,0.9835
458400,Mark 55,Mark 14,VELVETFRUIT_EXTRACT,XIRECS,5248.0,3,1,sell,Mark 55,5243,46,5248,15,5245.5,5,46,-15,46.0,-46.0,5244.5,3.5,1.0,5244.5,3.5,1.0,5244.5,3.5,1.0,5246.0,2.0,-0.5,at_ask,5.0,2.5,0.8202
459900,Mark 14,Mark 38,VEV_4000,XIRECS,1239.0,2,1,buy,Mark 38,1239,10,1260,10,1249.5,21,10,-10,40.0,-40.0,1249.5,10.5,0.0,1249.5,10.5,0.0,1249.5,10.5,0.0,1245.0,6.0,-4.5,at_bid,21.0,10.5,0.9181
460400,Mark 14,Mark 22,VEV_5400,XIRECS,16.0,3,1,buy,Mark 22,16,2,17,22,16.5,1,2,-22,19.0,-22.0,16.0,0.0,-0.5,16.0,0.0,-0.5,16.0,0.0,-0.5,16.5,0.5,0.0,at_bid,1.0,0.5,0.6136
460700,Mark 55,Mark 14,VELVETFRUIT_EXTRACT,XIRECS,5254.0,6,1,sell,Mark 55,5249,17,5254,17,5251.5,5,17,-17,47.0,-47.0,5252.5,1.5,-1.0,5252.5,1.5,-1.0,5252.5,1.5,-1.0,5252.0,2.0,-0.5,at_ask,5.0,2.5,0.8202
462500,Mark 38,Mark 14,HYDROGEL_PACK,XIRECS,9932.0,2,1,sell,Mark 38,9916,12,9932,12,9924.0,16,12,-12,40.0,-40.0,9926.0,6.0,-2.0,9926.0,6.0,-2.0,9925.0,7.0,-1.0,9922.0,10.0,2.0,at_ask,16.0,8.0,0.9835
464200,Mark 14,Mark 38,VEV_4000,XIRECS,1241.0,1,1,buy,Mark 38,1241,7,1262,7,1251.5,21,7,-7,26.0,-26.0,1252.5,11.5,1.0,1252.5,11.5,1.0,1253.5,12.5,2.0,1253.5,12.5,2.0,at_bid,21.0,10.5,0.9181
465300,Mark 55,Mark 14,VELVETFRUIT_EXTRACT,XIRECS,5255.0,8,1,sell,Mark 55,5250,23,5255,23,5252.5,5,23,-23,71.0,-71.0,5253.5,1.5,-1.0,5253.5,1.5,-1.0,5254.5,0.5,-2.0,5254.5,0.5,-2.0,at_ask,5.0,2.5,0.8202
469600,Mark 14,Mark 55,VELVETFRUIT_EXTRACT,XIRECS,5252.0,7,1,buy,Mark 55,5252,18,5257,18,5254.5,5,18,-18,68.0,-68.0,5252.5,0.5,-2.0,5252.5,0.5,-2.0,5252.5,0.5,-2.0,5254.5,2.5,0.0,at_bid,5.0,2.5,0.8202
470400,Mark 55,Mark 14,VELVETFRUIT_EXTRACT,XIRECS,5257.0,4,1,sell,Mark 55,5252,55,5257,22,5254.5,5,55,-22,55.0,-55.0,5255.5,1.5,-1.0,5255.5,1.5,-1.0,5254.5,2.5,0.0,5250.5,6.5,4.0,at_ask,5.0,2.5,0.8202
472600,Mark 14,Mark 55,VELVETFRUIT_EXTRACT,XIRECS,5249.0,3,1,buy,Mark 55,5249,23,5254,65,5251.5,5,23,-65,65.0,-65.0,5252.5,3.5,1.0,5252.5,3.5,1.0,5253.5,4.5,2.0,5251.5,2.5,0.0,at_bid,5.0,2.5,0.8202
475500,Mark 14,Mark 38,VEV_4000,XIRECS,1244.0,1,1,buy,Mark 38,1244,7,1265,7,1254.5,21,7,-7,35.0,-35.0,1254.5,10.5,0.0,1254.5,10.5,0.0,1255.5,11.5,1.0,1256.5,12.5,2.0,at_bid,21.0,10.5,0.9181
476200,Mark 38,Mark 14,HYDROGEL_PACK,XIRECS,9959.0,3,1,sell,Mark 38,9943,13,9959,13,9951.0,16,13,-13,38.0,-38.0,9954.0,5.0,-3.0,9954.0,5.0,-3.0,9952.5,6.5,-1.5,9951.5,7.5,-0.5,at_ask,16.0,8.0,0.9835
477600,Mark 14,Mark 38,HYDROGEL_PACK,XIRECS,9941.0,5,1,buy,Mark 38,9941,14,9957,14,9949.0,16,14,-14,37.0,-37.0,9950.0,9.0,1.0,9950.0,9.0,1.0,9950.0,9.0,1.0,9954.0,13.0,5.0,at_bid,16.0,8.0,0.9835
478900,Mark 14,Mark 55,VELVETFRUIT_EXTRACT,XIRECS,5250.0,4,1,buy,Mark 55,5250,25,5255,62,5252.5,5,25,-62,62.0,-62.0,5252.5,2.5,0.0,5252.5,2.5,0.0,5250.5,0.5,-2.0,5249.5,-0.5,-3.0,at_bid,5.0,2.5,0.8202
479100,Mark 38,Mark 14,HYDROGEL_PACK,XIRECS,9973.0,5,1,sell,Mark 38,9964,9,9973,13,9968.5,9,9,-13,48.0,-39.0,9963.0,10.0,5.5,9963.0,10.0,5.5,9965.0,8.0,3.5,9961.0,12.0,7.5,at_ask,9.0,4.5,0.0328
480700,Mark 38,Mark 14,VEV_4000,XIRECS,1259.0,2,1,sell,Mark 38,1238,7,1259,7,1248.5,21,7,-7,30.0,-30.0,1249.5,9.5,-1.0,1249.5,9.5,-1.0,1249.5,9.5,-1.0,1247.5,11.5,1.0,at_ask,21.0,10.5,0.9181
480900,Mark 14,Mark 38,VEV_4000,XIRECS,1239.0,2,1,buy,Mark 38,1239,8,1260,8,1249.5,21,8,-8,24.0,-24.0,1249.5,10.5,0.0,1249.5,10.5,0.0,1248.5,9.5,-1.0,1245.5,6.5,-4.0,at_bid,21.0,10.5,0.9181
481300,Mark 38,Mark 14,VEV_4000,XIRECS,1257.0,3,1,sell,Mark 38,1236,11,1257,11,1246.5,21,11,-11,28.0,-28.0,1245.5,11.5,1.0,1245.5,11.5,1.0,1245.5,11.5,1.0,1243.5,13.5,3.0,at_ask,21.0,10.5,0.9181
483100,Mark 55,Mark 14,VELVETFRUIT_EXTRACT,XIRECS,5245.0,8,1,sell,Mark 55,5240,64,5245,18,5242.5,5,64,-18,64.0,-64.0,5241.5,3.5,1.0,5241.5,3.5,1.0,5240.5,4.5,2.0,5238.5,6.5,4.0,at_ask,5.0,2.5,0.8202
483200,Mark 38,Mark 14,VEV_4000,XIRECS,1252.0,3,1,sell,Mark 38,1231,10,1252,10,1241.5,21,10,-10,33.0,-33.0,1240.5,11.5,1.0,1240.5,11.5,1.0,1239.5,12.5,2.0,1239.5,12.5,2.0,at_ask,21.0,10.5,0.9181
485300,Mark 14,Mark 38,HYDROGEL_PACK,XIRECS,9952.0,3,1,buy,Mark 38,9952,14,9968,14,9960.0,16,14,-14,43.0,-43.0,9962.0,10.0,2.0,9962.0,10.0,2.0,9962.0,10.0,2.0,9962.0,10.0,2.0,at_bid,16.0,8.0,0.9835
489600,Mark 14,Mark 38,HYDROGEL_PACK,XIRECS,9948.0,4,1,buy,Mark 38,9948,11,9964,11,9956.0,16,11,-11,41.0,-41.0,9957.0,9.0,1.0,9957.0,9.0,1.0,9958.0,10.0,2.0,9963.0,15.0,7.0,at_bid,16.0,8.0,0.9835
489700,Mark 14,Mark 55,VELVETFRUIT_EXTRACT,XIRECS,5237.0,6,1,buy,Mark 55,5237,16,5242,16,5239.5,5,16,-16,66.0,-66.0,5241.5,4.5,2.0,5241.5,4.5,2.0,5244.5,7.5,5.0,5241.0,4.0,1.5,at_bid,5.0,2.5,0.8202
490900,Mark 55,Mark 14,VELVETFRUIT_EXTRACT,XIRECS,5246.0,5,1,sell,Mark 55,5241,25,5246,25,5243.5,5,25,-25,57.0,-57.0,5243.5,2.5,0.0,5243.5,2.5,0.0,5243.5,2.5,0.0,5244.5,1.5,-1.0,at_ask,5.0,2.5,0.8202
491100,Mark 14,Mark 38,VEV_4000,XIRECS,1233.0,3,1,buy,Mark 38,1233,9,1254,9,1243.5,21,9,-9,39.0,-39.0,1243.5,10.5,0.0,1243.5,10.5,0.0,1244.5,11.5,1.0,1245.0,12.0,1.5,at_bid,21.0,10.5,0.9181
492100,Mark 14,Mark 55,VELVETFRUIT_EXTRACT,XIRECS,5241.0,5,1,buy,Mark 55,5241,16,5246,66,5243.5,5,16,-66,66.0,-66.0,5244.5,3.5,1.0,5244.5,3.5,1.0,5244.5,3.5,1.0,5244.0,3.0,0.5,at_bid,5.0,2.5,0.8202
494500,Mark 38,Mark 14,HYDROGEL_PACK,XIRECS,9975.0,4,1,sell,Mark 38,9959,15,9975,15,9967.0,16,15,-15,35.0,-35.0,9967.0,8.0,0.0,9967.0,8.0,0.0,9966.0,9.0,1.0,9969.0,6.0,-2.0,at_ask,16.0,8.0,0.9835
494700,Mark 14,Mark 38,VEV_4000,XIRECS,1228.0,2,1,buy,Mark 38,1228,11,1249,11,1238.5,21,11,-11,34.0,-34.0,1239.0,11.0,0.5,1239.0,11.0,0.5,1238.5,10.5,0.0,1237.5,9.5,-1.0,at_bid,21.0,10.5,0.9181
495300,Mark 14,Mark 38,HYDROGEL_PACK,XIRECS,9964.0,5,1,buy,Mark 38,9964,15,9980,15,9972.0,16,15,-15,39.0,-39.0,9973.0,9.0,1.0,9973.0,9.0,1.0,9974.0,10.0,2.0,9979.0,15.0,7.0,at_bid,16.0,8.0,0.9835
496200,Mark 14,Mark 55,VELVETFRUIT_EXTRACT,XIRECS,5239.0,5,1,buy,Mark 55,5239,16,5244,16,5241.5,5,16,-16,62.0,-62.0,5240.5,1.5,-1.0,5240.5,1.5,-1.0,5239.5,0.5,-2.0,5240.0,1.0,-1.5,at_bid,5.0,2.5,0.8202
496300,Mark 14,Mark 38,VEV_4000,XIRECS,1230.0,2,1,buy,Mark 38,1230,7,1251,7,1240.5,21,7,-7,24.0,-24.0,1239.5,9.5,-1.0,1239.5,9.5,-1.0,1241.5,11.5,1.0,1240.5,10.5,0.0,at_bid,21.0,10.5,0.9181
498400,Mark 14,Mark 55,VELVETFRUIT_EXTRACT,XIRECS,5238.0,7,1,buy,Mark 55,5238,23,5243,23,5240.5,5,23,-23,61.0,-61.0,5241.5,3.5,1.0,5241.5,3.5,1.0,5239.0,1.0,-1.5,5242.5,4.5,2.0,at_bid,5.0,2.5,0.8202
499900,Mark 14,Mark 38,HYDROGEL_PACK,XIRECS,9990.0,6,1,buy,Mark 38,9990,15,10006,15,9998.0,16,15,-15,39.0,-39.0,9999.0,9.0,1.0,9999.0,9.0,1.0,9995.0,5.0,-3.0,9994.0,4.0,-4.0,at_bid,16.0,8.0,0.9835
500800,Mark 14,Mark 38,HYDROGEL_PACK,XIRECS,9987.0,4,1,buy,Mark 38,9987,10,10003,10,9995.0,16,10,-10,31.0,-31.0,9998.0,11.0,3.0,9998.0,11.0,3.0,9998.0,11.0,3.0,9997.0,10.0,2.0,at_bid,16.0,8.0,0.9835
501400,Mark 14,Mark 38,HYDROGEL_PACK,XIRECS,9987.0,6,1,buy,Mark 38,9987,15,10003,15,9995.0,16,15,-15,45.0,-45.0,9993.0,6.0,-2.0,9993.0,6.0,-2.0,9994.0,7.0,-1.0,9993.0,6.0,-2.0,at_bid,16.0,8.0,0.9835
502000,Mark 14,Mark 38,HYDROGEL_PACK,XIRECS,9985.0,3,1,buy,Mark 38,9985,11,10001,11,9993.0,16,11,-11,38.0,-38.0,9996.0,11.0,3.0,9996.0,11.0,3.0,9996.0,11.0,3.0,9997.0,12.0,4.0,at_bid,16.0,8.0,0.9835
503500,Mark 14,Mark 38,HYDROGEL_PACK,XIRECS,9994.0,6,1,buy,Mark 38,9994,13,10010,13,10002.0,16,13,-13,40.0,-40.0,10002.0,8.0,0.0,10002.0,8.0,0.0,10000.0,6.0,-2.0,10003.0,9.0,1.0,at_bid,16.0,8.0,0.9835
503500,Mark 14,Mark 38,VEV_4000,XIRECS,1240.0,3,1,buy,Mark 38,1240,13,1261,13,1250.5,21,13,-13,41.0,-41.0,1250.5,10.5,0.0,1250.5,10.5,0.0,1250.5,10.5,0.0,1249.5,9.5,-1.0,at_bid,21.0,10.5,0.9181
506200,Mark 14,Mark 55,VELVETFRUIT_EXTRACT,XIRECS,5254.0,5,1,buy,Mark 55,5254,18,5259,18,5256.5,5,18,-18,54.0,-54.0,5255.5,1.5,-1.0,5255.5,1.5,-1.0,5256.0,2.0,-0.5,5258.5,4.5,2.0,at_bid,5.0,2.5,0.8202
507200,Mark 38,Mark 14,HYDROGEL_PACK,XIRECS,10012.0,4,1,sell,Mark 38,9996,11,10012,11,10004.0,16,11,-11,38.0,-38.0,10001.0,11.0,3.0,10001.0,11.0,3.0,10002.0,10.0,2.0,10000.0,12.0,4.0,at_ask,16.0,8.0,0.9835
507800,Mark 14,Mark 38,HYDROGEL_PACK,XIRECS,9992.0,6,1,buy,Mark 38,9992,11,10008,11,10000.0,16,11,-11,38.0,-38.0,10000.0,8.0,0.0,10000.0,8.0,0.0,10001.0,9.0,1.0,9998.5,6.5,-1.5,at_bid,16.0,8.0,0.9835
509100,Mark 14,Mark 38,VEV_4000,XIRECS,1250.0,3,1,buy,Mark 38,1250,10,1271,10,1260.5,21,10,-10,29.0,-29.0,1262.5,12.5,2.0,1262.5,12.5,2.0,1263.0,13.0,2.5,1261.0,11.0,0.5,at_bid,21.0,10.5,0.9181
509900,Mark 14,Mark 38,HYDROGEL_PACK,XIRECS,10005.0,5,1,buy,Mark 38,10005,15,10021,15,10013.0,16,15,-15,39.0,-39.0,10010.0,5.0,-3.0,10010.0,5.0,-3.0,10011.0,6.0,-2.0,10004.0,-1.0,-9.0,at_bid,16.0,8.0,0.9835
510100,Mark 14,Mark 38,HYDROGEL_PACK,XIRECS,10003.0,3,1,buy,Mark 38,10003,12,10019,12,10011.0,16,12,-12,35.0,-35.0,10009.0,6.0,-2.0,10009.0,6.0,-2.0,10008.0,5.0,-3.0,10001.0,-2.0,-10.0,at_bid,16.0,8.0,0.9835
513200,Mark 38,Mark 14,HYDROGEL_PACK,XIRECS,10010.0,5,1,sell,Mark 38,9994,10,10010,10,10002.0,16,10,-10,35.0,-35.0,9999.0,11.0,3.0,9999.0,11.0,3.0,9998.0,12.0,4.0,9999.0,11.0,3.0,at_ask,16.0,8.0,0.9835
514500,Mark 14,Mark 55,VELVETFRUIT_EXTRACT,XIRECS,5265.0,6,1,buy,Mark 55,5265,23,5270,61,5267.5,5,23,-61,61.0,-61.0,5267.5,2.5,0.0,5267.5,2.5,0.0,5268.5,3.5,1.0,5268.5,3.5,1.0,at_bid,5.0,2.5,0.8202
515200,Mark 14,Mark 38,HYDROGEL_PACK,XIRECS,10000.0,4,1,buy,Mark 38,10000,13,10016,13,10008.0,16,13,-13,43.0,-43.0,10007.0,7.0,-1.0,10007.0,7.0,-1.0,10010.0,10.0,2.0,10011.0,11.0,3.0,at_bid,16.0,8.0,0.9835
516800,Mark 14,Mark 55,VELVETFRUIT_EXTRACT,XIRECS,5261.0,5,1,buy,Mark 55,5261,15,5266,15,5263.5,5,15,-15,61.0,-61.0,5262.5,1.5,-1.0,5262.5,1.5,-1.0,5263.5,2.5,0.0,5263.5,2.5,0.0,at_bid,5.0,2.5,0.8202
517900,Mark 14,Mark 38,VEV_4000,XIRECS,1249.0,1,1,buy,Mark 38,1249,14,1270,14,1259.5,21,14,-14,42.0,-42.0,1258.5,9.5,-1.0,1258.5,9.5,-1.0,1259.5,10.5,0.0,1259.0,10.0,-0.5,at_bid,21.0,10.5,0.9181
518800,Mark 38,Mark 14,VEV_4000,XIRECS,1271.0,1,1,sell,Mark 38,1250,15,1271,15,1260.5,21,15,-15,31.0,-31.0,1259.5,11.5,1.0,1259.5,11.5,1.0,1258.5,12.5,2.0,1256.5,14.5,4.0,at_ask,21.0,10.5,0.9181
519000,Mark 14,Mark 38,HYDROGEL_PACK,XIRECS,10002.0,5,1,buy,Mark 38,10002,12,10018,12,10010.0,16,12,-12,41.0,-41.0,10010.0,8.0,0.0,10010.0,8.0,0.0,10009.0,7.0,-1.0,10011.0,9.0,1.0,at_bid,16.0,8.0,0.9835
519100,Mark 14,Mark 38,VEV_4000,XIRECS,1246.0,2,1,buy,Mark 38,1246,15,1268,15,1257.0,22,15,-15,32.0,-32.0,1256.5,10.5,-0.5,1256.5,10.5,-0.5,1256.5,10.5,-0.5,1258.5,12.5,1.5,at_bid,22.0,11.0,1.0
519400,Mark 38,Mark 14,HYDROGEL_PACK,XIRECS,10017.0,2,1,sell,Mark 38,10001,15,10017,15,10009.0,16,15,-15,39.0,-39.0,10011.0,6.0,-2.0,10011.0,6.0,-2.0,10011.0,6.0,-2.0,10011.0,6.0,-2.0,at_ask,16.0,8.0,0.9835
520400,Mark 38,Mark 14,HYDROGEL_PACK,XIRECS,10019.0,2,1,sell,Mark 38,10003,13,10019,13,10011.0,16,13,-13,39.0,-39.0,10014.0,5.0,-3.0,10014.0,5.0,-3.0,10013.0,6.0,-2.0,10015.0,4.0,-4.0,at_ask,16.0,8.0,0.9835
521100,Mark 14,Mark 38,VEV_4000,XIRECS,1248.0,2,1,buy,Mark 38,1248,8,1269,8,1258.5,21,8,-8,29.0,-29.0,1259.5,11.5,1.0,1259.5,11.5,1.0,1260.5,12.5,2.0,1259.5,11.5,1.0,at_bid,21.0,10.5,0.9181
521800,Mark 55,Mark 14,VELVETFRUIT_EXTRACT,XIRECS,5265.0,3,1,sell,Mark 55,5260,17,5265,17,5262.5,5,17,-17,60.0,-60.0,5262.5,2.5,0.0,5262.5,2.5,0.0,5262.0,3.0,0.5,5260.5,4.5,2.0,at_ask,5.0,2.5,0.8202
524000,Mark 14,Mark 22,VEV_5500,XIRECS,7.0,4,1,buy,Mark 22,7,4,8,20,7.5,1,4,-20,16.0,-20.0,7.0,0.0,-0.5,7.0,0.0,-0.5,7.0,0.0,-0.5,7.5,0.5,0.0,at_bid,1.0,0.5,0.8473
525500,Mark 14,Mark 38,VEV_4000,XIRECS,1247.0,1,1,buy,Mark 38,1247,13,1268,13,1257.5,21,13,-13,28.0,-28.0,1257.0,10.0,-0.5,1257.0,10.0,-0.5,1256.5,9.5,-1.0,1254.5,7.5,-3.0,at_bid,21.0,10.5,0.9181
526600,Mark 38,Mark 14,HYDROGEL_PACK,XIRECS,10021.0,4,1,sell,Mark 38,10005,15,10021,15,10013.0,16,15,-15,45.0,-45.0,10013.0,8.0,0.0,10013.0,8.0,0.0,10007.5,13.5,5.5,10011.0,10.0,2.0,at_ask,16.0,8.0,0.9835
527700,Mark 38,Mark 14,HYDROGEL_PACK,XIRECS,10021.0,6,1,sell,Mark 38,10005,13,10021,13,10013.0,16,13,-13,42.0,-42.0,10015.0,6.0,-2.0,10015.0,6.0,-2.0,10017.0,4.0,-4.0,10021.0,0.0,-8.0,at_ask,16.0,8.0,0.9835
527700,Mark 55,Mark 14,VELVETFRUIT_EXTRACT,XIRECS,5255.0,6,1,sell,Mark 55,5250,20,5255,20,5252.5,5,20,-20,52.0,-52.0,5251.5,3.5,1.0,5251.5,3.5,1.0,5252.5,2.5,0.0,5252.5,2.5,0.0,at_ask,5.0,2.5,0.8202
528600,Mark 55,Mark 14,VELVETFRUIT_EXTRACT,XIRECS,5254.0,4,1,sell,Mark 55,5249,64,5254,20,5251.5,5,64,-20,64.0,-64.0,5252.5,1.5,-1.0,5252.5,1.5,-1.0,5253.5,0.5,-2.0,5253.5,0.5,-2.0,at_ask,5.0,2.5,0.8202
529400,Mark 55,Mark 14,VELVETFRUIT_EXTRACT,XIRECS,5256.0,4,1,sell,Mark 55,5251,19,5256,19,5253.5,5,19,-19,67.0,-67.0,5253.5,2.5,0.0,5253.5,2.5,0.0,5253.5,2.5,0.0,5251.5,4.5,2.0,at_ask,5.0,2.5,0.8202
530300,Mark 14,Mark 38,HYDROGEL_PACK,XIRECS,10010.0,3,1,buy,Mark 38,10010,15,10026,15,10018.0,16,15,-15,42.0,-42.0,10017.0,7.0,-1.0,10017.0,7.0,-1.0,10018.0,8.0,0.0,10023.0,13.0,5.0,at_bid,16.0,8.0,0.9835
530600,Mark 14,Mark 38,HYDROGEL_PACK,XIRECS,10010.0,5,1,buy,Mark 38,10010,15,10026,15,10018.0,16,15,-15,39.0,-39.0,10021.0,11.0,3.0,10021.0,11.0,3.0,10023.0,13.0,5.0,10024.0,14.0,6.0,at_bid,16.0,8.0,0.9835
533100,Mark 38,Mark 14,HYDROGEL_PACK,XIRECS,10029.0,2,1,sell,Mark 38,10013,14,10029,14,10021.0,16,14,-14,43.0,-43.0,10021.0,8.0,0.0,10021.0,8.0,0.0,10022.0,7.0,-1.0,10021.0,8.0,0.0,at_ask,16.0,8.0,0.9835
533400,Mark 38,Mark 14,HYDROGEL_PACK,XIRECS,10030.0,5,1,sell,Mark 38,10014,12,10030,12,10022.0,16,12,-12,36.0,-36.0,10022.0,8.0,0.0,10022.0,8.0,0.0,10021.0,9.0,1.0,10018.0,12.0,4.0,at_ask,16.0,8.0,0.9835
534100,Mark 14,Mark 55,VELVETFRUIT_EXTRACT,XIRECS,5244.0,3,1,buy,Mark 55,5244,25,5249,25,5246.5,5,25,-25,58.0,-58.0,5246.0,2.0,-0.5,5246.0,2.0,-0.5,5245.0,1.0,-1.5,5245.5,1.5,-1.0,at_bid,5.0,2.5,0.8202
534800,Mark 38,Mark 14,HYDROGEL_PACK,XIRECS,10018.0,3,1,sell,Mark 38,10002,13,10018,13,10010.0,16,13,-13,38.0,-38.0,10008.0,10.0,2.0,10008.0,10.0,2.0,10009.0,9.0,1.0,10013.0,5.0,-3.0,at_ask,16.0,8.0,0.9835
537500,Mark 14,Mark 38,HYDROGEL_PACK,XIRECS,10014.0,2,1,buy,Mark 38,10014,11,10030,11,10022.0,16,11,-11,35.0,-35.0,10019.0,5.0,-3.0,10019.0,5.0,-3.0,10020.0,6.0,-2.0,10016.0,2.0,-6.0,at_bid,16.0,8.0,0.9835
538000,Mark 38,Mark 14,HYDROGEL_PACK,XIRECS,10024.0,2,1,sell,Mark 38,10008,11,10024,11,10016.0,16,11,-11,36.0,-36.0,10016.0,8.0,0.0,10016.0,8.0,0.0,10015.0,9.0,1.0,10015.0,9.0,1.0,at_ask,16.0,8.0,0.9835
538900,Mark 38,Mark 14,HYDROGEL_PACK,XIRECS,10022.0,6,1,sell,Mark 38,10006,13,10022,13,10014.0,16,13,-13,41.0,-41.0,10013.0,9.0,1.0,10013.0,9.0,1.0,10012.0,10.0,2.0,10012.0,10.0,2.0,at_ask,16.0,8.0,0.9835
540700,Mark 14,Mark 55,VELVETFRUIT_EXTRACT,XIRECS,5238.0,7,1,buy,Mark 55,5238,19,5243,19,5240.5,5,19,-19,62.0,-62.0,5240.5,2.5,0.0,5240.5,2.5,0.0,5238.5,0.5,-2.0,5238.5,0.5,-2.0,at_bid,5.0,2.5,0.8202
542600,Mark 38,Mark 14,HYDROGEL_PACK,XIRECS,10012.0,6,1,sell,Mark 38,9996,11,10012,11,10004.0,16,11,-11,34.0,-34.0,10005.0,7.0,-1.0,10005.0,7.0,-1.0,10003.0,9.0,1.0,10010.0,2.0,-6.0,at_ask,16.0,8.0,0.9835
544300,Mark 14,Mark 55,VELVETFRUIT_EXTRACT,XIRECS,5236.0,4,1,buy,Mark 55,5236,24,5241,60,5238.5,5,24,-60,60.0,-60.0,5237.5,1.5,-1.0,5237.5,1.5,-1.0,5236.0,0.0,-2.5,5237.5,1.5,-1.0,at_bid,5.0,2.5,0.8202
544500,Mark 38,Mark 14,VEV_4000,XIRECS,1246.0,2,1,sell,Mark 38,1226,9,1246,9,1236.0,20,9,-9,38.0,-38.0,1236.0,10.0,0.0,1236.0,10.0,0.0,1236.5,9.5,-0.5,1237.5,8.5,-1.5,at_ask,20.0,10.0,0.1244
545000,Mark 14,Mark 55,VELVETFRUIT_EXTRACT,XIRECS,5235.0,4,1,buy,Mark 55,5235,19,5240,19,5237.5,5,19,-19,57.0,-57.0,5238.5,3.5,1.0,5238.5,3.5,1.0,5238.0,3.0,0.5,5238.5,3.5,1.0,at_bid,5.0,2.5,0.8202
547800,Mark 14,Mark 55,VELVETFRUIT_EXTRACT,XIRECS,5232.0,3,1,buy,Mark 55,5232,18,5237,18,5234.5,5,18,-18,49.0,-49.0,5235.5,3.5,1.0,5235.5,3.5,1.0,5234.5,2.5,0.0,5233.5,1.5,-1.0,at_bid,5.0,2.5,0.8202
550300,Mark 38,Mark 14,VEV_4000,XIRECS,1242.0,1,1,sell,Mark 38,1222,15,1242,15,1232.0,20,15,-15,44.0,-44.0,1232.0,10.0,0.0,1232.0,10.0,0.0,1233.0,9.0,-1.0,1232.0,10.0,0.0,at_ask,20.0,10.0,0.1244
550400,Mark 14,Mark 38,HYDROGEL_PACK,XIRECS,9998.0,2,1,buy,Mark 38,9998,11,10014,11,10006.0,16,11,-11,31.0,-31.0,10006.0,8.0,0.0,10006.0,8.0,0.0,10008.0,10.0,2.0,10015.0,17.0,9.0,at_bid,16.0,8.0,0.9835
550900,Mark 14,Mark 38,VEV_4000,XIRECS,1221.0,2,1,buy,Mark 38,1221,14,1242,14,1231.5,21,14,-14,35.0,-35.0,1233.5,12.5,2.0,1233.5,12.5,2.0,1234.5,13.5,3.0,1233.5,12.5,2.0,at_bid,21.0,10.5,0.9181
552600,Mark 38,Mark 14,VEV_4000,XIRECS,1244.0,3,1,sell,Mark 38,1223,14,1244,14,1233.5,21,14,-14,41.0,-41.0,1233.0,11.0,0.5,1233.0,11.0,0.5,1232.5,11.5,1.0,1224.0,20.0,9.5,at_ask,21.0,10.5,0.9181
553300,Mark 38,Mark 14,HYDROGEL_PACK,XIRECS,10032.0,6,1,sell,Mark 38,10016,10,10032,10,10024.0,16,10,-10,34.0,-34.0,10024.0,8.0,0.0,10024.0,8.0,0.0,10022.0,10.0,2.0,10023.0,9.0,1.0,at_ask,16.0,8.0,0.9835
556900,Mark 14,Mark 38,VEV_4000,XIRECS,1219.0,3,1,buy,Mark 38,1219,10,1239,10,1229.0,20,10,-10,31.0,-31.0,1228.5,9.5,-0.5,1228.5,9.5,-0.5,1228.0,9.0,-1.0,1228.5,9.5,-0.5,at_bid,20.0,10.0,0.1244
557200,Mark 14,Mark 55,VELVETFRUIT_EXTRACT,XIRECS,5225.0,4,1,buy,Mark 55,5225,23,5230,23,5227.5,5,23,-23,63.0,-63.0,5227.5,2.5,0.0,5227.5,2.5,0.0,5228.5,3.5,1.0,5224.5,-0.5,-3.0,at_bid,5.0,2.5,0.8202
563600,Mark 14,Mark 38,HYDROGEL_PACK,XIRECS,9991.0,2,1,buy,Mark 38,9991,12,10007,12,9999.0,16,12,-12,37.0,-37.0,10002.0,11.0,3.0,10002.0,11.0,3.0,10001.0,10.0,2.0,10004.0,13.0,5.0,at_bid,16.0,8.0,0.9835
564300,Mark 14,Mark 22,VEV_5200,XIRECS,84.0,2,1,buy,Mark 22,84,8,86,25,85.0,2,8,-25,23.0,-25.0,86.0,2.0,1.0,86.0,2.0,1.0,85.5,1.5,0.5,85.5,1.5,0.5,at_bid,2.0,1.0,0.1432
567700,Mark 38,Mark 14,VEV_4000,XIRECS,1246.0,1,1,sell,Mark 38,1225,9,1246,9,1235.5,21,9,-9,26.0,-26.0,1235.0,11.0,0.5,1235.0,11.0,0.5,1234.5,11.5,1.0,1234.5,11.5,1.0,at_ask,21.0,10.5,0.9181
568200,Mark 55,Mark 14,VELVETFRUIT_EXTRACT,XIRECS,5237.0,7,1,sell,Mark 55,5232,66,5237,24,5234.5,5,66,-24,66.0,-66.0,5235.5,1.5,-1.0,5235.5,1.5,-1.0,5236.5,0.5,-2.0,5238.5,-1.5,-4.0,at_ask,5.0,2.5,0.8202
568700,Mark 14,Mark 38,HYDROGEL_PACK,XIRECS,10000.0,5,1,buy,Mark 38,10000,14,10016,14,10008.0,16,14,-14,35.0,-35.0,10007.5,7.5,-0.5,10007.5,7.5,-0.5,10005.0,5.0,-3.0,10003.0,3.0,-5.0,at_bid,16.0,8.0,0.9835
568800,Mark 38,Mark 14,VEV_4000,XIRECS,1250.0,2,1,sell,Mark 38,1229,15,1250,15,1239.5,21,15,-15,31.0,-31.0,1235.0,15.0,4.5,1235.0,15.0,4.5,1238.5,11.5,1.0,1238.5,11.5,1.0,at_ask,21.0,10.5,0.9181
569900,Mark 14,Mark 38,VEV_4000,XIRECS,1227.0,1,1,buy,Mark 38,1227,10,1248,10,1237.5,21,10,-10,31.0,-31.0,1236.5,9.5,-1.0,1236.5,9.5,-1.0,1236.5,9.5,-1.0,1234.5,7.5,-3.0,at_bid,21.0,10.5,0.9181
576700,Mark 38,Mark 14,VEV_4000,XIRECS,1245.0,2,1,sell,Mark 38,1224,10,1245,10,1234.5,21,10,-10,27.0,-27.0,1234.0,11.0,0.5,1234.0,11.0,0.5,1234.5,10.5,0.0,1236.0,9.0,-1.5,at_ask,21.0,10.5,0.9181
578600,Mark 38,Mark 14,HYDROGEL_PACK,XIRECS,10014.0,3,1,sell,Mark 38,9998,13,10014,13,10006.0,16,13,-13,38.0,-38.0,10003.0,11.0,3.0,10003.0,11.0,3.0,10006.0,8.0,0.0,10003.0,11.0,3.0,at_ask,16.0,8.0,0.9835
578800,Mark 14,Mark 38,HYDROGEL_PACK,XIRECS,9998.0,6,1,buy,Mark 38,9998,12,10014,12,10006.0,16,12,-12,40.0,-40.0,10005.0,7.0,-1.0,10005.0,7.0,-1.0,9999.0,1.0,-7.0,10005.0,7.0,-1.0,at_bid,16.0,8.0,0.9835
580600,Mark 14,Mark 38,HYDROGEL_PACK,XIRECS,10001.0,4,1,buy,Mark 38,10001,15,10017,15,10009.0,16,15,-15,39.0,-39.0,10009.0,8.0,0.0,10009.0,8.0,0.0,10008.0,7.0,-1.0,10005.0,4.0,-4.0,at_bid,16.0,8.0,0.9835
581100,Mark 55,Mark 14,VELVETFRUIT_EXTRACT,XIRECS,5240.0,7,1,sell,Mark 55,5235,18,5240,18,5237.5,5,18,-18,49.0,-49.0,5237.5,2.5,0.0,5237.5,2.5,0.0,5236.0,4.0,1.5,5233.5,6.5,4.0,at_ask,5.0,2.5,0.8202
584800,Mark 14,Mark 55,VELVETFRUIT_EXTRACT,XIRECS,5234.0,7,1,buy,Mark 55,5234,22,5239,22,5236.5,5,22,-22,66.0,-66.0,5236.5,2.5,0.0,5236.5,2.5,0.0,5237.5,3.5,1.0,5239.5,5.5,3.0,at_bid,5.0,2.5,0.8202
589100,Mark 14,Mark 38,VEV_4000,XIRECS,1234.0,3,1,buy,Mark 38,1234,11,1255,11,1244.5,21,11,-11,35.0,-35.0,1245.5,11.5,1.0,1245.5,11.5,1.0,1245.5,11.5,1.0,1243.5,9.5,-1.0,at_bid,21.0,10.5,0.9181
590100,Mark 14,Mark 38,HYDROGEL_PACK,XIRECS,9989.0,2,1,buy,Mark 38,9989,15,10005,15,9997.0,16,15,-15,38.0,-38.0,9999.0,10.0,2.0,9999.0,10.0,2.0,9998.0,9.0,1.0,9999.0,10.0,2.0,at_bid,16.0,8.0,0.9835
596300,Mark 38,Mark 14,HYDROGEL_PACK,XIRECS,10027.0,2,1,sell,Mark 38,10011,12,10027,12,10019.0,16,12,-12,41.0,-41.0,10022.0,5.0,-3.0,10022.0,5.0,-3.0,10023.0,4.0,-4.0,10026.0,1.0,-7.0,at_ask,16.0,8.0,0.9835
597200,Mark 14,Mark 55,VELVETFRUIT_EXTRACT,XIRECS,5237.0,7,1,buy,Mark 55,5237,22,5242,56,5239.5,5,22,-56,56.0,-56.0,5238.5,1.5,-1.0,5238.5,1.5,-1.0,5239.5,2.5,0.0,5239.5,2.5,0.0,at_bid,5.0,2.5,0.8202
597400,Mark 14,Mark 55,VELVETFRUIT_EXTRACT,XIRECS,5237.0,4,1,buy,Mark 55,5237,15,5242,49,5239.5,5,15,-49,49.0,-49.0,5240.5,3.5,1.0,5240.5,3.5,1.0,5238.0,1.0,-1.5,5238.5,1.5,-1.0,at_bid,5.0,2.5,0.8202
599600,Mark 14,Mark 38,VEV_4000,XIRECS,1226.0,1,1,buy,Mark 38,1226,10,1247,10,1236.5,21,10,-10,25.0,-25.0,1236.0,10.0,-0.5,1236.0,10.0,-0.5,1235.0,9.0,-1.5,1233.0,7.0,-3.5,at_bid,21.0,10.5,0.9181
600100,Mark 14,Mark 38,VEV_4000,XIRECS,1223.0,2,1,buy,Mark 38,1223,11,1243,11,1233.0,20,11,-11,39.0,-39.0,1232.5,9.5,-0.5,1232.5,9.5,-0.5,1231.5,8.5,-1.5,1232.0,9.0,-1.0,at_bid,20.0,10.0,0.1244
600400,Mark 38,Mark 14,HYDROGEL_PACK,XIRECS,10035.0,4,1,sell,Mark 38,10019,11,10035,11,10027.0,16,11,-11,31.0,-31.0,10027.0,8.0,0.0,10027.0,8.0,0.0,10025.0,10.0,2.0,10025.0,10.0,2.0,at_ask,16.0,8.0,0.9835
601200,Mark 14,Mark 38,VEV_4000,XIRECS,1223.0,1,1,buy,Mark 38,1223,11,1244,11,1233.5,21,11,-11,29.0,-29.0,1233.5,10.5,0.0,1233.5,10.5,0.0,1232.0,9.0,-1.5,1231.5,8.5,-2.0,at_bid,21.0,10.5,0.9181
601700,Mark 14,Mark 38,HYDROGEL_PACK,XIRECS,10013.0,2,1,buy,Mark 38,10013,15,10029,15,10021.0,16,15,-15,44.0,-44.0,10023.0,10.0,2.0,10023.0,10.0,2.0,10022.0,9.0,1.0,10024.0,11.0,3.0,at_bid,16.0,8.0,0.9835
604700,Mark 14,Mark 38,HYDROGEL_PACK,XIRECS,10017.0,5,1,buy,Mark 38,10017,11,10034,11,10025.5,17,11,-11,40.0,-40.0,10028.0,11.0,2.5,10028.0,11.0,2.5,10025.0,8.0,-0.5,10024.5,7.5,-1.0,at_bid,17.0,8.5,1.0
606400,Mark 14,Mark 38,HYDROGEL_PACK,XIRECS,10020.0,5,1,buy,Mark 38,10020,15,10036,15,10028.0,16,15,-15,35.0,-35.0,10030.0,10.0,2.0,10030.0,10.0,2.0,10028.0,8.0,0.0,10030.0,10.0,2.0,at_bid,16.0,8.0,0.9835
608100,Mark 38,Mark 14,VEV_4000,XIRECS,1230.0,2,1,sell,Mark 38,1209,7,1230,7,1219.5,21,7,-7,27.0,-27.0,1220.0,10.0,-0.5,1220.0,10.0,-0.5,1220.0,10.0,-0.5,1218.0,12.0,1.5,at_ask,21.0,10.5,0.9181
609900,Mark 14,Mark 55,VELVETFRUIT_EXTRACT,XIRECS,5222.0,6,1,buy,Mark 55,5222,25,5227,25,5224.5,5,25,-25,64.0,-64.0,5223.5,1.5,-1.0,5223.5,1.5,-1.0,5223.5,1.5,-1.0,5223.5,1.5,-1.0,at_bid,5.0,2.5,0.8202
612500,Mark 14,Mark 55,VELVETFRUIT_EXTRACT,XIRECS,5219.0,5,1,buy,Mark 55,5219,19,5224,19,5221.5,5,19,-19,51.0,-51.0,5222.5,3.5,1.0,5222.5,3.5,1.0,5223.5,4.5,2.0,5227.0,8.0,5.5,at_bid,5.0,2.5,0.8202
614100,Mark 14,Mark 38,HYDROGEL_PACK,XIRECS,9998.0,4,1,buy,Mark 38,9998,12,10014,12,10006.0,16,12,-12,38.0,-38.0,10006.0,8.0,0.0,10006.0,8.0,0.0,10001.0,3.0,-5.0,10002.0,4.0,-4.0,at_bid,16.0,8.0,0.9835
616300,Mark 14,Mark 55,VELVETFRUIT_EXTRACT,XIRECS,5228.0,5,1,buy,Mark 55,5228,25,5233,69,5230.5,5,25,-69,69.0,-69.0,5230.5,2.5,0.0,5230.5,2.5,0.0,5232.0,4.0,1.5,5232.5,4.5,2.0,at_bid,5.0,2.5,0.8202
617400,Mark 14,Mark 55,VELVETFRUIT_EXTRACT,XIRECS,5231.0,7,1,buy,Mark 55,5231,15,5236,15,5233.5,5,15,-15,47.0,-47.0,5233.5,2.5,0.0,5233.5,2.5,0.0,5233.5,2.5,0.0,5234.0,3.0,0.5,at_bid,5.0,2.5,0.8202
619800,Mark 55,Mark 14,VELVETFRUIT_EXTRACT,XIRECS,5236.0,7,1,sell,Mark 55,5231,19,5236,19,5233.5,5,19,-19,63.0,-63.0,5234.0,2.0,-0.5,5234.0,2.0,-0.5,5234.5,1.5,-1.0,5231.5,4.5,2.0,at_ask,5.0,2.5,0.8202
620500,Mark 55,Mark 14,VELVETFRUIT_EXTRACT,XIRECS,5235.0,3,1,sell,Mark 55,5230,20,5235,20,5232.5,5,20,-20,65.0,-65.0,5232.5,2.5,0.0,5232.5,2.5,0.0,5232.5,2.5,0.0,5230.5,4.5,2.0,at_ask,5.0,2.5,0.8202
621700,Mark 38,Mark 14,VEV_4000,XIRECS,1245.0,3,1,sell,Mark 38,1224,7,1245,7,1234.5,21,7,-7,26.0,-26.0,1234.5,10.5,0.0,1234.5,10.5,0.0,1233.5,11.5,1.0,1234.5,10.5,0.0,at_ask,21.0,10.5,0.9181
621800,Mark 14,Mark 38,HYDROGEL_PACK,XIRECS,9993.0,2,1,buy,Mark 38,9993,15,10009,15,10001.0,16,15,-15,43.0,-43.0,10003.0,10.0,2.0,10003.0,10.0,2.0,10003.0,10.0,2.0,10001.0,8.0,0.0,at_bid,16.0,8.0,0.9835
621900,Mark 55,Mark 14,VELVETFRUIT_EXTRACT,XIRECS,5236.0,6,1,sell,Mark 55,5231,59,5236,20,5233.5,5,59,-20,59.0,-59.0,5234.5,1.5,-1.0,5234.5,1.5,-1.0,5235.5,0.5,-2.0,5234.5,1.5,-1.0,at_ask,5.0,2.5,0.8202
622800,Mark 14,Mark 38,VEV_4000,XIRECS,1227.0,1,1,buy,Mark 38,1227,10,1248,10,1237.5,21,10,-10,37.0,-37.0,1237.5,10.5,0.0,1237.5,10.5,0.0,1236.5,9.5,-1.0,1237.5,10.5,0.0,at_bid,21.0,10.5,0.9181
624400,Mark 14,Mark 22,VEV_5200,XIRECS,88.0,2,1,buy,Mark 22,88,8,90,10,89.0,2,8,-10,22.0,-24.0,89.5,1.5,0.5,89.5,1.5,0.5,89.5,1.5,0.5,88.5,0.5,-0.5,at_bid,2.0,1.0,0.1432
625100,Mark 14,Mark 38,HYDROGEL_PACK,XIRECS,10004.0,2,1,buy,Mark 38,10004,15,10020,15,10012.0,16,15,-15,37.0,-37.0,10011.0,7.0,-1.0,10011.0,7.0,-1.0,10011.0,7.0,-1.0,10015.0,11.0,3.0,at_bid,16.0,8.0,0.9835
626000,Mark 14,Mark 55,VELVETFRUIT_EXTRACT,XIRECS,5232.0,4,1,buy,Mark 55,5232,25,5234,7,5233.0,2,25,-7,71.0,-78.0,5232.5,0.5,-0.5,5232.5,0.5,-0.5,5233.0,1.0,0.0,5231.5,-0.5,-1.5,at_bid,2.0,1.0,0.0411
628300,Mark 14,Mark 55,VELVETFRUIT_EXTRACT,XIRECS,5225.0,7,1,buy,Mark 55,5225,23,5230,56,5227.5,5,23,-56,56.0,-56.0,5225.5,0.5,-2.0,5225.5,0.5,-2.0,5225.5,0.5,-2.0,5222.5,-2.5,-5.0,at_bid,5.0,2.5,0.8202
630400,Mark 38,Mark 14,HYDROGEL_PACK,XIRECS,10019.0,5,1,sell,Mark 38,10003,14,10019,14,10011.0,16,14,-14,36.0,-36.0,10012.0,7.0,-1.0,10012.0,7.0,-1.0,10011.0,8.0,0.0,10014.5,4.5,-3.5,at_ask,16.0,8.0,0.9835
631500,Mark 38,Mark 14,VEV_4000,XIRECS,1230.0,3,1,sell,Mark 38,1210,15,1230,15,1220.0,20,15,-15,31.0,-31.0,1220.5,9.5,-0.5,1220.5,9.5,-0.5,1215.0,15.0,5.0,1220.5,9.5,-0.5,at_ask,20.0,10.0,0.1244
634500,Mark 55,Mark 14,VELVETFRUIT_EXTRACT,XIRECS,5218.0,5,1,sell,Mark 55,5213,57,5218,17,5215.5,5,57,-17,57.0,-57.0,5216.0,2.0,-0.5,5216.0,2.0,-0.5,5217.5,0.5,-2.0,5217.0,1.0,-1.5,at_ask,5.0,2.5,0.8202
634900,Mark 14,Mark 38,HYDROGEL_PACK,XIRECS,10010.0,2,1,buy,Mark 38,10010,10,10026,10,10018.0,16,10,-10,36.0,-36.0,10019.0,9.0,1.0,10019.0,9.0,1.0,10021.0,11.0,3.0,10027.0,17.0,9.0,at_bid,16.0,8.0,0.9835
635700,Mark 38,Mark 14,HYDROGEL_PACK,XIRECS,10034.0,3,1,sell,Mark 38,10018,10,10034,10,10026.0,16,10,-10,38.0,-38.0,10027.0,7.0,-1.0,10027.0,7.0,-1.0,10024.0,10.0,2.0,10027.0,7.0,-1.0,at_ask,16.0,8.0,0.9835
636100,Mark 14,Mark 22,VEV_5200,XIRECS,79.0,4,1,buy,Mark 22,79,8,81,24,80.0,2,8,-24,20.0,-24.0,79.5,0.5,-0.5,79.5,0.5,-0.5,78.5,-0.5,-1.5,77.5,-1.5,-2.5,at_bid,2.0,1.0,0.1432
637500,Mark 14,Mark 38,HYDROGEL_PACK,XIRECS,10018.0,4,1,buy,Mark 38,10018,11,10034,11,10026.0,16,11,-11,40.0,-40.0,10028.0,10.0,2.0,10028.0,10.0,2.0,10026.0,8.0,0.0,10029.0,11.0,3.0,at_bid,16.0,8.0,0.9835
640700,Mark 38,Mark 14,HYDROGEL_PACK,XIRECS,10042.0,4,1,sell,Mark 38,10026,14,10042,14,10034.0,16,14,-14,36.0,-36.0,10034.0,8.0,0.0,10034.0,8.0,0.0,10034.0,8.0,0.0,10032.0,10.0,2.0,at_ask,16.0,8.0,0.9835
642100,Mark 14,Mark 22,VEV_5200,XIRECS,74.0,4,1,buy,Mark 22,74,2,76,19,75.0,2,2,-19,15.0,-19.0,75.0,1.0,0.0,75.0,1.0,0.0,75.0,1.0,0.0,74.5,0.5,-0.5,at_bid,2.0,1.0,0.1432
645000,Mark 38,Mark 14,VEV_4000,XIRECS,1218.0,3,1,sell,Mark 38,1198,8,1218,8,1208.0,20,8,-8,33.0,-33.0,1208.0,10.0,0.0,1208.0,10.0,0.0,1209.0,9.0,-1.0,1209.0,9.0,-1.0,at_ask,20.0,10.0,0.1244
646100,Mark 55,Mark 14,VELVETFRUIT_EXTRACT,XIRECS,5211.0,3,1,sell,Mark 55,5206,15,5211,15,5208.5,5,15,-15,47.0,-47.0,5209.5,1.5,-1.0,5209.5,1.5,-1.0,5208.0,3.0,0.5,5206.5,4.5,2.0,at_ask,5.0,2.5,0.8202
647000,Mark 38,Mark 14,HYDROGEL_PACK,XIRECS,10003.0,3,1,sell,Mark 38,9987,15,10003,15,9995.0,16,15,-15,45.0,-45.0,9996.0,7.0,-1.0,9996.0,7.0,-1.0,9997.0,6.0,-2.0,9999.0,4.0,-4.0,at_ask,16.0,8.0,0.9835
647200,Mark 14,Mark 38,VEV_4000,XIRECS,1196.0,3,1,buy,Mark 38,1196,15,1216,15,1206.0,20,15,-15,40.0,-40.0,1206.0,10.0,0.0,1206.0,10.0,0.0,1205.0,9.0,-1.0,1206.0,10.0,0.0,at_bid,20.0,10.0,0.1244
647400,Mark 14,Mark 38,HYDROGEL_PACK,XIRECS,9993.0,2,1,buy,Mark 38,9993,10,10009,10,10001.0,16,10,-10,35.0,-35.0,9999.0,6.0,-2.0,9999.0,6.0,-2.0,9999.0,6.0,-2.0,9997.0,4.0,-4.0,at_bid,16.0,8.0,0.9835
647600,Mark 14,Mark 38,HYDROGEL_PACK,XIRECS,9991.0,4,1,buy,Mark 38,9991,10,10007,10,9999.0,16,10,-10,40.0,-40.0,9997.0,6.0,-2.0,9997.0,6.0,-2.0,9997.0,6.0,-2.0,9995.0,4.0,-4.0,at_bid,16.0,8.0,0.9835
647900,Mark 14,Mark 38,HYDROGEL_PACK,XIRECS,9989.0,6,1,buy,Mark 38,9989,14,10005,14,9997.0,16,14,-14,43.0,-43.0,9997.0,8.0,0.0,9997.0,8.0,0.0,9995.0,6.0,-2.0,9993.0,4.0,-4.0,at_bid,16.0,8.0,0.9835
648200,Mark 55,Mark 14,VELVETFRUIT_EXTRACT,XIRECS,5208.0,6,1,sell,Mark 55,5205,8,5208,16,5206.5,3,8,-16,62.0,-54.0,5206.5,1.5,0.0,5206.5,1.5,0.0,5206.5,1.5,0.0,5202.5,5.5,4.0,at_ask,3.0,1.5,0.0732
